4534 5850
564 561 568 568 .
605 490 1014 581 tntuthtatti
1039 496 1485 585 ut-vttttmrnt:
1633 543 1702 614 t„

883 707 1211 861 tentum

392 951 511 1061 statuis
520 949 631 1029 'ditm
642 944 769 1045 gravia
785 898 1022 1065 disjnnlliti&
1038 900 1272 1067 quodammodo
1283 914 1441 1061 ¹didrallu
1453 954 1605 1045 suerint,
1635 955 1707 1038 du.

712 1146 1393 1262 cohmthtnutuu

343 1342 445 1518 H
460 1351 514 1424 tc
530 1351 573 1423 tel
587 1347 779 1444 gravltatem
796 1343 934 1443 refugit,
959 1348 1054 1445 quod-
1065 1349 1149 1448 ÷quir
1161 1345 1259 1422 *sunts
1269 1350 1425 1445 graviali
1441 1348 1657 1424 distrahantur
1683 1376 1703 1427 a
1719 1344 1770 1424 led

462 1442 588 1528 uibus,
611 1451 648 1517 δι
669 1464 797 1528 contra,
821 1450 861 1519 lit
884 1453 1025 1544 vertigo.
1051 1451 1182 1522 Natum
1207 1446 1379 1523 terebrum
1413 1473 1537 1546 grave,
1565 1446 1691 1550 spiritus
1717 1471 1766 1521 te·

345 1570 445 1624 nuta,
461 1547 587 1618 aetherei
592 1549 632 1616 lle
648 1540 694 1614 ob
707 1539 954 1619 elaborationem
971 1548 1136 1630 tradam,
1151 1545 1581 1650 splendidiores&lueidiotet
1595 1543 1768 1622 tenuiores-

343 1667 409 1740 que
427 1693 438 1725 ‚
463 1669 563 1741 quam
580 1649 615 1716 δι
632 1645 743 1716 vitalta
756 1650 792 1716 dt
805 1648 972 1727 animelett
990 1644 1065 1720 sunt
1075 1649 1286 1721 instrumenta
1314 1652 1479 1723 adlionum
1492 1680 1510 1718 .·
1534 1654 1580 1722 At
1599 1644 1766 1723 cerebrum

346 1744 459 1815 multis
474 1747 595 1814 arteriis
612 1751 821 1815 intertextum
836 1743 898 1824 est,
915 1752 951 1818 de
967 1751 1001 1816 ni
1018 1742 1144 1844 spiritus
1162 1750 1281 1819 multos
1299 1744 1445 1831 haberet,
1470 1755 1598 1818 iners&
1610 1754 1780 1842 ignavum‘

343 1862 504 1913 maneret.
522 1846 569 1913 Hi
587 1867 687 1941 porro
702 1837 823 1914 habent
839 1839 912 1913 suot
928 1866 1016 1916 ratos
1033 1851 1070 1917 δι
1087 1845 1264 1917 constantes
1283 1867 1392 1917 motus
1412 1853 1446 1916 δι
1464 1849 1531 1917 vias
1559 1853 1696 1943 pervias.
1732 1845 1783 1916 st·

344 1960 456 2012 motus
479 1941 530 2010 hie
541 1944 766 2021 intercidatur,
790 1946 935 2036 vertigo,
954 1945 977 2014 fi
995 1947 1054 2017 viat
1069 1939 1300 2025 obstruuntur,
1327 1951 1450 2042 vertigo
1458 1948 1605 2041 autquid
1619 1947 1769 2020 deterius,
1800 1974 1803 1985 ·

342 2039 370 2110 n
395 2062 494 2132 grave
503 2037 655 2111 deseritur
671 2064 691 2110 a
706 2042 790 2121 levi,
814 2036 859 2110 ob
883 2066 953 2114 uam
977 2043 1213 2115 derelidlionem
1240 2048 1363 2140 vertigo
1389 2050 1494 2115 contin
1521 2051 1570 2113 't.
1595 2039 1667 2115 Ubi
1691 2043 1768 2136 quit

344 2143 501 2210 amentius
526 2141 649 2235 aliquid
671 2143 834 2221 intuetur,
862 2137 1007 2240 spiritum
1025 2137 1103 2213 alibi
1120 2146 1428 2243 quasti‘octupatum
1447 2069 1529 2214 κάξ
1549 2143 1709 2217 traducit,
1735 2143 1772 2210 ut

347 2239 383 2307 in
399 2245 509 2331 quiete
523 2243 683 2317 eontinet,
702 2233 796 2311 suum
815 2244 963 2311 nativum
981 2237 1108 2340 spiritus
1126 2265 1254 2313 motum
1269 2269 1336 2313 non
1356 2239 1474 2322 servat,
1498 2237 1683 2312 deseruntur
1710 2237 1773 2308 hu·
1860 2294 1864 2299 .

348 2355 452 2405 mores
478 2340 653 2434 &torpidi
671 2358 815 2417 manent,
833 2343 934 2408 immo
949 2336 1113 2411 oerebnrm
1134 2338 1242 2438 ipsum
1265 2352 1363 2434 grave
1378 2346 1413 2412 dt
1431 2337 1568 2410 brutum
1586 2331 1737 2409 deseritur
1760 2381 1773 2403 .
1865 2380 1886 2393 ·-

349 2435 509 2529 ltaqutfit
525 2435 698 2505 diliociatio
713 2443 749 2507 de
767 2438 918 2507 diremtio
935 2440 1084 2533 quedam
1099 2440 1179 2509 dum
1199 2461 1297 2533 grave
1315 2465 1334 2510 a
1349 2441 1413 2511 levi
1440 2439 1671 2532 derelinquitur
1685 2460 1702 2502 .·
1731 2436 1787 2504 Et.-

342 2535 439 2627 quod
449 2535 645 2614 notandum,
663 2531 719 2602 ista
736 2530 868 2606 desertio
884 2561 947 2607 non
965 2541 1064 2608 modo
1072 2542 1229 2631 contingit
1238 2543 1271 2607 in
1289 2539 1345 2608 illa
1372 2558 1466 2607 acuta
1484 2540 1658 2606 intentione
1686 2531 1773 2603 oculi

347 2627 571 2718 inobitstum,
584 2628 635 2701 sed
653 2639 748 2701 etiam
759 2636 791 2699 in
809 2631 1129 2730 motuiplotireulati
1145 2641 1156 2718 (
1166 2643 1253 2727 cujus
1272 2631 1399 2709 eausam
1433 2636 1473 2704 ad
1494 2654 1625 2704 motum
1654 2632 1774 2705 inordi-

349 2750 467 2801 natum
477 2725 601 2823 spiritus
615 2732 760 2799 animalis
778 2732 990 2818 retulimus.)
1020 2734 1116 2802 Unde
1126 2734 1365 2833 Theophrastus
1390 2741 1437 2804 ita
1451 2737 1495 2804 ait
1511 2759 1519 2803 t
1540 2737 1644 2803 Fuerit
1671 2736 1773 2801 etiam

352 2875 377 2910 ‚,
401 2825 672 2909 hnaffemmotu
688 2823 975 2916 circulaiiejusdtm
986 2831 1292 2912 retentaculum
1315 2832 1392 2903 idest
1399 2879 1411 2911 ,
1435 2832 1609 2922 disjunffio
1624 2832 1791 2929 quadam'

355 2974 380 3012 ,‚
403 2928 567 2999 levium&
643 2929 754 2995 tium.
774 2928 865 2995 Nam
881 2925 1105 2994 circum-adio
1113 2928 1268 3019 disjungit
1292 2929 1428 3019 (gravia
1439 2949 1549 2997 autem
1570 2938 1604 2999 δι
1619 2934 1701 3001 levia
1734 2932 1775 2999 st·

355 3074 379 3113 „
403 3023 595 3097 mul-tliede
658 3022 694 3114 t)
701 3043 741 3094 ut
748 3024 914 3117 maritari
928 3024 1069 3097 modium
1078 3025 1219 3105 ducant,
1240 3024 1435 3121 letiapartm
1449 3045 1630 3095 extrunata
1746 3042 1785 3103 t:

355 3161 389 3209 „¹
408 3127 576 3195 inclinatio
590 3127 806 3223 tnamotpirit
821 3115 1282 3217 fitetiamgravibutalevibut
1304 3121 1484 3213 disiundtis.
1507 3126 1547 3193 Et
1564 3123 1603 3191 sic
1660 3145 1692 3191 rt
1707 3136 1789 3192 om·'

357 3230 407 3297 nis
422 3233 546 3320 vertigo
562 3250 633 3297 eum
647 3220 791 3318 'agnoseit
810 3219 1064 3297 auson-„Nan
1080 3275 1085 3291 .
1092 3223 1204 3322 paullo
1233 3239 1308 3291 ante
1332 3225 1519 3314 vertiginem
1541 3221 1790 3291 fieri-diximus·

309 3324 311 3327 ⁴
356 3321 498 3397 interciso
515 3346 618 3394 motu
628 3318 758 3420 spiritus
775 3325 920 3390 animalis
935 3316 1226 3416 subeunttrvapote
1238 3340 1342 3401 tetro,
1352 3337 1417 3390 aut
1440 3316 1488 3390 ob
1501 3321 1792 3400 homuncionem·-

359 3418 406 3495 ob
420 3418 689 3506 obstrustionem.
715 3417 891 3510 Numquid
909 3419 943 3483 iii
960 3417 1010 3484 his
1024 3410 1153 3486 duobus
1165 3414 1210 3486 est
1226 3420 1325 3486 etiam
1340 3412 1472 3488 dtstttio
1494 3422 1643 3511 gravium
1675 3416 1778 3485 &··le-

359 3529 473 3606 viumt
493 3522 548 3589 Sic
567 3514 775 3616 potenttissima
794 3512 838 3585 est
850 3529 889 3586 ea
903 3509 998 3584 eausa
1014 3507 1137 3609 ubique
1150 3511 1216 3586 fert
1233 3515 1344 3586 lotum
1361 3510 1498 3587 habent.
1532 3516 1578 3586 Et
1596 3533 1677 3589 ante
1698 3516 1781 3585 dixi«

359 3643 434 3692 mus
449 3619 674 3688 humiditatem
692 3619 727 3687 &
745 3609 863 3685 cerebri
878 3619 913 3685 lle
931 3608 1256 3688 humorumcausam
1271 3613 1328 3685 elit
1346 3634 1526 3714 potentem,
1538 3621 1598 3687 tu't
1614 3615 1714 3685 homo
1722 3616 1782 3686 liat

360 3714 589 3814 vertiginosus,
612 3737 744 3814 corpote
759 3714 896 3784 humido
909 3733 1089 3808 nequeunte
1100 3711 1189 3785 facile
1206 3720 1348 3787 convoti
1367 3714 1428 3798 (ut
1444 3716 1484 3786 de
1504 3740 1568 3788 ovo
1591 3710 1680 3786 facile
1703 3738 1779 3783 oon-

358 3818 458 3907 stat.)
484 3818 604 3887 Eadem
623 3815 796 3885 humiditas
803 3809 895 3883 causa
910 3836 1042 3908 quoque
1056 3811 1119 3894 eil,
1134 3812 1244 3901 londa
1258 3815 1416 3907 gravitate
1424 3858 1441 3892 ,
1459 3837 1520 3884 tur
1536 3810 1626 3885 facile
1640 3807 1697 3882 seii:
1707 3834 1782 3882 mu-

362 3938 425 3988 tuo
437 3910 579 3985 deserant
594 3914 676 3984 levia
690 3918 725 3981 δι
742 3916 868 4005 gratia,
889 3913 959 3980 licet
972 3907 1137 3982 cerebrum
1154 3911 1275 3995 tonstet
1289 3936 1328 3982 ex
1348 3906 1500 4004 gravibus
1521 3918 1556 3982 δι
1576 3905 1699 3983 levibus
1723 3911 1781 3978 ad-

363 4009 503 4088 mirabili
513 4012 661 4108 ¹quadam
675 4011 891 4086 moder-atione
904 4014 942 4080 tlt
957 4016 1181 4108 proportione.
1199 4014 1241 4079 Et
1260 4016 1296 4078 ni
1312 4004 1501 4081 cohaeserint
1516 4010 1584 4080 duo
1595 4023 1599 4059 2
1610 4006 1686 4088 ish,
1712 4015 1787 4106 ter-f

364 4122 435 4210 tigo
456 4109 559 4183 adest.
585 4116 623 4181 ln
638 4133 672 4180 re
685 4127 793 4181 autem
808 4108 942 4178 humida
957 4111 992 4178 δι
1009 4116 1100 4201 gravi
1117 4108 1232 4203 (quale
1245 4105 1290 4177 est
1307 4103 1492 4194 cerebrum)
1513 4132 1583 4178 non
1599 4108 1646 4176 ita
1662 4109 1790 4177 titetoi.

366 4215 503 4287 hoetmt.
523 4212 621 4281 Unde
637 4210 816 4281 videmusa
840 4202 908 4276 mlo
931 4230 1051 4307 vapore
1072 4212 1167 4280 'etiam
1193 4208 1385 4300 ,vertiginem
1409 4208 1503 4276 oriri.
1532 4208 1784 4303 hitttrumpitut
1835 4246 1841 4255 ·

368 4330 474 4381 motus
490 4305 616 4407 spiritus
625 4299 685 4388 ,dt
703 4313 741 4379 fit
756 4306 949 4405 repertulius
960 4310 1096 4401 quidam
1110 4304 1157 4376 ob
1172 4308 1322 4377 alienum·
1332 4301 1477 4403 spiritum
1497 4299 1613 4374 furtim
1636 4296 1782 4374 summis·

369 4405 455 4481 sum.
477 4411 519 4481 Et
532 4405 623 4503 quod
641 4404 831 4476 facit-nimia
847 4407 1019 4476 humiditas
1034 4411 1323 4501 invertigintun'a,
1339 4407 1370 4476 id
1380 4402 1455 4482 facit
1463 4406 1601 4498 gravitas
1615 4405 1648 4471 iu
1663 4403 1781 4496 altera„¹
1826 4435 1828 4440 ·

371 4495 531 4601 quiaunt
545 4528 620 4609 port
633 4524 801 4583 movetur,
822 4504 922 4577 altera
938 4528 1021 4575 non.
1040 4503 1093 4576 Eli
1111 4510 1155 4577 ita
1176 4504 1335 4608 diullio&
1352 4506 1572 4609 torninuitatis
1596 4494 1744 4599 solutio·
1843 4547 1846 4555 ·

476 5091 620 5162 Bahali·
636 5093 733 5190 Opti.
754 5029 920 5169 lomus!-
1006 5040 1010 5047 Ι
1319 5085 1352 5168 '1‘
1406 5123 1420 5189 3
1624 5087 1739 5167 TEX·
