4534 5850
531 473 782 550 uentum
808 461 1203 591 urbscampus.
1253 468 1417 548 rom
1606 494 1671 568 233

317 625 374 698 elle
395 628 529 711 μυκῑσι.
557 621 618 690 Vel
643 635 784 689 utuntur
807 630 908 718 partes
932 612 1092 695 carnosae',
1123 618 1173 688 vel
1206 614 1314 689 olleae:
1345 618 1443 688 osseas
1468 641 1532 687 iton
1558 614 1656 690 censet
1681 625 1735 690 uti

319 722 434 795 debere
458 717 596 803 edemus
621 715 840 796 ferramentis,
865 710 916 793 scd
939 715 1077 797 Μῖνι,-
1091 739 1200 786 contra
1224 740 1301 787 veto
1325 713 1479 788 carnosas
1493 714 1575 788 serro
1594 719 1737 788 'mndat-

318 845 349 893 te
374 825 515 901 urendas
534 818 607 888 elle.
633 816 724 907 Quid
751 812 807 886 srbi
825 815 897 888 vult
914 817 1145 910 Hippocrates?
1171 817 1259 885 Nam
1284 813 1423 892 stimant
1447 821 1481 887 δι
1498 808 1646 894 'ulam
1662 814 1738 886 sum

319 946 378 1017 gos
403 926 437 991 δι
460 939 547 990 terrae
570 916 716 1011 quadam
743 909 861 995 φύματα
887 912 1060 1004 fignificat,
1086 929 1123 979 ut
1149 933 1255 1010 aperte
1271 917 1419 984 Gorraeus
1443 919 1475 983 in
1500 914 1646 986 distionit
1671 915 1735 985 hu*

320 1029 370 1112 jus
392 1019 592 1115 explicatione
614 1013 807 1090 edisseruit,
829 1013 906 1105 quis
928 1012 987 1079 etit
1011 1001 1114 1078 sensus
1139 1012 1162 1078 ss
1186 1012 1327 1081 dicamus
1351 1030 1440 1082 artus
1464 1014 1669 1085 claudicantis
1689 1009 1737 1081 ob

319 1116 489 1189 infarctum
504 1113 653 1186 crasfioris
670 1114 812 1209 pituitae,
839 1129 876 1178 ut
893 1107 948 1178 illo
965 1109 1026 1180 loci
1045 1109 1182 1206 explicat
1193 1113 1331 1210 Hippoc.
1348 1134 1450 1206 quam
1467 1114 1735 1185 medicamentum

318 1238 458 1316 purgans
474 1216 600 1286 amoliri
620 1237 687 1281 non
704 1212 834 1307 potuit,
857 1228 980 1306 partem
1000 1203 1163 1279 carnolam
1178 1205 1261 1279 ferro
1281 1213 1371 1280 exuri
1387 1202 1522 1289 debere,
1546 1211 1737 1282 olleamau·

320 1339 383 1385 rem
406 1313 530 1396 μυκῖσι,
553 1309 631 1381 idest
650 1306 777 1402 fungis,
801 1326 838 1376 ut
859 1311 953 1380 vertit
968 1308 1142 1378 Carnarius
1159 1309 1380 1380 Grammatice
1398 1325 1546 1380 tantum?
1570 1312 1640 1380 Noc
1653 1315 1738 1380 enim

319 1418 449 1487 hereret
465 1403 585 1493 scissus.
610 1408 683 1478 Nos
697 1430 804 1484 autem
819 1429 925 1501 quum
941 1410 1042 1478 varias
1060 1408 1156 1499 hujus
1183 1413 1269 1480 vocis
1291 1411 1530 1504 fignifican‘ones
1545 1412 1577 1478 in
1595 1425 1740 1480 veterum

318 1507 408 1585 libris
433 1503 621 1579 haberemus
649 1511 686 1585 in
708 1526 906 1584 numerato,
938 1500 1117 1578 videbimur
1144 1503 1225 1577 sorte
1252 1534 1315 1577 non
1334 1509 1442 1603 longe.
1461 1503 1504 1578 ab
1531 1511 1742 1606 Hippocratis

320 1631 424 1697 mente
442 1605 592 1678 discedere
610 1607 729 1701 siquid
747 1603 935 1683 sentiamus,
958 1606 1152 1704 explicemus
1174 1636 1198 1675 .=
1218 1609 1334 1699 Praeter
1351 1605 1442 1702 fungi
1462 1631 1480 1677 e
1502 1627 1584 1679 terra
1606 1601 1737 1707 prastr-

319 1715 379 1781 tim
396 1700 578 1806 crepusculo
593 1711 787 1803 erumpentis
810 1706 1102 1796 fignificationem,
1136 1707 1339 1777 lucernarum
1367 1704 1484 1799 fungos
1509 1730 1640 1800 quoque
1663 1705 1742 1775 deli-

321 1829 399 1903 gnat
419 1807 480 1888 hoc
495 1827 629 1874 nomen.
657 1806 697 1872 Et
714 1797 835 1881 μύκητες
860 1803 953 1899 apud·
966 1801 1144 1900 Aristoph..l
1163 1828 1225 1900 pro
1249 1806 1427 1876 vermiculis
1448 1802 1523 1898 qui'
1540 1804 1743 1875 circumvolia

324 1926 393 1983 tant
410 1906 551 1973 lucernas
570 1904 742 1999 accipitur.
770 1902 1008 1995 Etymologicus
1025 1921 1133 1971 autem
1154 1926 1214 1999 pro
1227 1896 1360 1972 scintilla
1382 1903 1453 1975 vult
1468 1895 1550 1970 sumi
1566 1944 1588 1978 ,-
1613 1924 1681 1997 qua
1704 1922 1744 1984 ers

324 2003 483 2103 postrema
511 2003 733 2095 significatione
758 2001 790 2068 id
815 2000 906 2094 quod
930 2000 1111 2078 volumus,
1143 2002 1328 2073 eliciemusc
1361 2005 1412 2071 lta
1430 2005 1513 2072 enim
1531 2003 1744 2100 Hippocrates

325 2122 383 2173 aut
400 2103 470 2174 vult
491 2102 608 2170 multas
626 2105 659 2170 δι
675 2096 849 2198 profundas
865 2096 981 2170 crustas
1000 2099 1010 2185 (
1027 2094 1140 2185 ἓχᾶρας
1164 2103 1275 2190 vocat)
1300 2104 1455 2179 excitari,
1477 2120 1633 2171 autnon.
1651 2104 1743 2170 Exci-

325 2221 436 2273 tantur
458 2195 626 2298 praesertim
641 2201 673 2266 ln
689 2199 770 2268 mole
785 2223 896 2269 carnea
914 2249 924 2269 .
959 2199 999 2267 ld
1017 2217 1124 2267 autem
1141 2201 1307 2271 commode
1326 2203 1363 2270 fit
1379 2201 1530 2270 candente
1547 2196 1630 2268 ferro
1649 2199 1745 2292 quod

326 2298 496 2392 vestigium
512 2292 559 2365 sui
578 2299 710 2367 minime
727 2294 829 2390 lugax
842 2301 885 2367 im
911 2300 997 2367 rimit
1013 2316 1111 2388 atquc
1125 2299 1247 2378 bruris,
1274 2307 1309 2369 in
1333 2297 1412 2367 ossea
1434 2293 1669 2366 substantiamil
1686 2320 1740 2365 ne·

332 2394 466 2483 celleest
484 2394 552 2479 hoc
560 2397 657 2471 fieri,
683 2414 847 2493 propterea
916 2399 921 2409 '
971 2396 994 2463 ss
1019 2398 1216 2491 procuranda
1233 2395 1307 2476 est,
1342 2397 1453 2466 melius
1470 2388 1744 2465 administrabitur

327 2495 453 2578 aazias,
478 2519 544 2563 nou
560 2495 684 2578 dicam,
709 2491 813 2588 frangis
831 2540 842 2571 ,
865 2487 916 2564 sed
936 2487 1074 2570 scintillis
1094 2495 1304 2564 candelarum
1320 2500 1355 2566 ἀ
1374 2495 1505 2564 flamma
1523 2488 1609 2592 ipsa.
1648 2497 1693 2564 Ac
1714 2493 1746 2569 ¹sr

326 2592 511 2674 semiustas&
536 2587 728 2677 scintillam,
751 2614 810 2690 pro
831 2598 904 2685 igne
919 2587 990 2690 ipso
1009 2591 1116 2664 affluo
1132 2598 1285 2692 accipiat,
1309 2596 1384 2664 utsr
1402 2587 1525 2664 accesila
1543 2586 1673 2663 candela
1687 2592 1746 2661 adss

325 2708 492 2777 moveatur
514 2692 637 2761 urendo
662 2690 748 2769 osli·
782 2691 925 2797 Qidam
943 2694 1096 2788 interpres¹
1110 2694 1221 2786 paullo
1236 2694 1364 2788 quidem
1379 2696 1513 2792 propius
1536 2693 1578 2762 ad
1603 2710 1743 2763 mortem

327 2792 536 2887 Hippocratis
555 2790 704 2873 accadens
721 2791 815 2883 legit:
846 2791 995 2864 Urcndas,
1006 2809 1109 2885 partes
1126 2789 1222 2861 olleas
1240 2787 1506 2862 cantharidibus.
1527 2792 1590 2863 Sed
1606 2791 1669 2863 huc
1688 2792 1745 2861 ada

327 2887 465 2958 ducendi
486 2888 605 2957 codices
623 2887 684 2958 lide
699 2887 807 2981 digni.
836 2885 937 2978 Quod
953 2887 993 2956 ad
1010 2890 1299 2985 intemperationem
1320 2893 1468 2963 Cornarii
1487 2894 1627 2970 attinet,
1650 2911 1688 2962 ut
1705 2912 1747 2961 ea

326 2984 387 3058 suo
401 2992 578 3084 patrocinio
592 3010 657 3056 non
674 3004 797 3063 careat,
820 2987 886 3055 lieri
904 2983 1001 3080 potest
1022 2982 1220 3079 temporibus
1240 2991 1409 3084 Hippocr,
1425 2984 1580 3082 quosdam
1602 2976 1746 3068 uineae,

328 3084 426 3180 idest,
451 3082 568 3179 fungos
583 3083 748 3170 exstitisse,
773 3078 895 3178 quibus
912 3078 993 3156 sorte
1009 3080 1142 3155 caustica
1157 3078 1354 3178 adurensquc
1377 3089 1423 3156 vis
1451 3086 1574 3163 inesset,
1605 3107 1747 3181 quaque

328 3186 494 3281 commode
510 3189 543 3257 in
563 3181 686 3257 ustione
700 3182 814 3264 ollium
833 3177 893 3254 usu
905 3186 1042 3257 veniret.
1067 3183 1131 3253 Sed
1148 3184 1179 3251 id
1201 3182 1391 3273 conjediurae
1403 3205 1485 3282 opus
1499 3181 1560 3254 ell.
1632 3204 1634 3208 ¹
1743 3205 1749 3226 ·

632 3342 643 3462 f
751 3355 768 3468 j
894 3380 1039 3479 -Ᾰ-το.
1087 3381 1136 3449 nt.

444 3534 461 3570 .l
877 3533 883 3550 '
1386 3531 1390 3538 ’
1408 3531 1411 3536 ’

440 3579 612 3670 ΗΔῬΣ,
635 3576 689 3647 ua
707 3580 738 3643 τῦ
752 3580 834 3664 saie,
857 3580 946 3675 quod
966 3578 1092 3674 aliquid
1110 3580 1275 3674 ingeratur
1287 3583 1563 3677 cumuletutque,
1596 3580 1751 3674 significa-⁸

457 3686 576 3752 tionem
594 3683 737 3760 invenit,
761 3704 821 3779 pro
836 3700 928 3750 utero
946 3681 1021 3750 alias
1036 3672 1174 3750 sumitur
1191 3728 1205 3758 ,
1225 3682 1301 3751 alias
1316 3706 1376 3780 pro
1393 3683 1468 3754 alvo
1490 3701 1551 3780 pro
1574 3684 1619 3750 ric
1634 3675 1749 3757 diua,

330 3783 407 3851 alias
420 3804 479 3877 pro
499 3784 573 3852 alvo
589 3801 715 3872 tantum
734 3778 894 3858 inferiore,
919 3785 953 3848 &
979 3779 1009 3847 id
1029 3783 1156 3875 proprie
1174 3781 1345 3874 significare
1360 3783 1499 3853 volunt.
1565 3782 1625 3850 nde
1650 3772 1746 3843 tulta

333 3878 430 3948 lasles
460 3876 667 3973 trallioraque
691 3878 834 3948 intestina
862 3879 1012 3971 significat
1033 3879 1123 3973 apud
1140 3882 1295 3977 Hippocr.
1314 3883 1354 3950 Et
1372 3875 1456 3950 libro
1469 3880 1508 3949 de
1523 3880 1614 3948 corde
1635 3867 1692 3946 sub
1708 3878 1747 3944 fi-

333 4001 410 4048 nem
429 4001 545 4047 nomen
570 3974 680 4054 uallet,
704 4002 764 4073 pro
783 3978 957 4047 ventriculo
974 3982 1010 4047 dt
1030 3974 1198 4046 intestinis.
1227 3983 1297 4073 Ego
1316 4003 1394 4049 veto
1412 4002 1527 4049 nomen
1553 3971 1641 4051 sabbe
1661 3972 1749 4074 apud

334 4080 493 4175 l-lippoct.
516 4070 685 4175 repetilib.
712 4072 919 4154 wedrs'lt'sse',
952 4082 987 4146 &
1010 4068 1148 4146 sumitur
1166 4101 1225 4174 pro
1238 4077 1351 4173 quassis
1378 4058 1749 4177 ῐιΐεοτρσῐξ-ᾳέρἆἰῑὲῖἒ
1796 4082 1805 4090 ”

335 4172 453 4272 screto
465 4179 650 4270 modo-quo
666 4181 702 4245 δι
718 4199 834 4245 nomen
859 4167 978 4242 maala.
1013 4176 1103 4246 Nam
1125 4181 1161 4246 δι
1188 4181 1220 4245 in
1235 4176 1406 4271 angustum
1423 4174 1748 4250 uox'hae'c'eontialrl-

336 4294 423 4363 tur,
446 4283 481 4350 &
504 4277 600 4346 lacius
623 4294 727 4371 patet.
754 4277 792 4355 ln
811 4272 985 4367 angustum
1004 4275 1136 4369 quidem
1161 4277 1333 4347 contradit.
1349 4299 1423 4347 cum
1440 4277 1576 4347 articulo
1599 4273 1617 4340 i
1639 4272 1750 4346 alvum

339 4378 464 4473 proprie
483 4376 665 4471 significat,
690 4375 750 4447 srve
767 4398 896 4448 nomen.
911 4374 975 4446 alvi
998 4398 1058 4473 pro
1080 4368 1147 4443 solo
1170 4378 1349 4449 ventriculo
1372 4371 1521 4453 κολάσεως
1545 4353 1683 4468 ollicina'
1697 4365 1752 4439 su*¹

337 4495 444 4567 matur
457 4480 743 4570 ,uttinterpretatur
760 4473 890 4553 Tullius
907 4510 928 4549 ‚·
943 4475 1004 4544 five
1017 4481 1120 4545 enam
1136 4495 1248 4571 prater
1267 4477 1483 4548 uentriculum
1500 4470 1753 4582 'comprehendat

340 4584 483 4659 tenuem
498 4572 675 4671 inferiorem
696 4623 704 4635 .
729 4576 811 4661 Quo
829 4575 864 4639 in
879 4564 964 4643 sensu
983 4566 1106 4641 dicebat
1130 4574 1258 4670 Aphou-
1282 4594 1293 4639 ι
1308 4599 1336 4661 ς.
1359 4568 1472 4641 ltu-1,
1490 4561 1754 4668 assailiatur&

336 4716 367 4756 „
394 4662 721 4758 slcfot'asspsptu‘mrccc.
750 4673 790 4739 Et
808 4674 918 4766 partic.
933 4691 991 4752 404
1001 4663 1077 4738 sest·
1089 4692 1120 4736 2.
1131 4665 1187 4738 lib.
1199 4677 1231 4736 6.
1248 4670 1340 4767 Epid'
1357 4674 1567 4793 Empyematls
1582 4663 1753 4752 utribllicui

336 4817 365 4852 ⁸„
391 4770 547 4859 terminus
560 4768 625 4847 cll,
646 4764 766 4865 quibus
778 4763 966 4867 suppuratio
980 4771 1154 4863 cmrtitgit,
1176 4771 1219 4837 iis
1239 4764 1355 4836 κοιλίαι
1361 4785 1544 4856 apodemus
1553 4783 1569 4848 1,
1570 4785 1654 4934 pto
1678 4763 1755 4837 aleb

336 4863 496 4952 inferiore,
514 4860 648 4937 sumtus
673 4892 790 4949 nomen
804 4860 932 4950 ,malsc
953 4916 965 4949 ,
996 4868 1057 4937 stne
1074 4869 1241 4948 articulo,
1264 4869 1352 4964 quod
1372 4869 1450 4939 alias
1465 4870 1546 4939 discit
1603 4855 1755 4930 tbi-lis·

337 5014 376 5064 3„
397 4967 623 5066 mquotuodo
635 4969 759 5065 Aphor,
775 4960 939 5058 ,ΗΜ
951 4963 1132 5068 Aphorism
1142 4960 1640 5044 Destillationestmnloelws
1659 4953 1755 5037 ldsstl

1630 5101 1649 5131 „
1674 5059 1707 5121 in
1804 5115 1812 5122 ,

1634 4759 1637 4768 s
