4534 5850
596 465 837 545 natiuit.
863 466 1250 547 nrotctuon.
1274 471 1349 547 το.
1375 492 1416 559 2.
1620 506 1689 582 2„

329 626 440 738 paullo
464 643 534 742 post
557 645 703 716 dicetur.
737 646 888 728 Ceterum
919 640 1127 739 ophthalmia:
1150 633 1295 723 docilia),
1313 635 1394 727 lypal
1417 645 1627 739 opponuntur
1652 642 1738 742 oph·

327 742 471 811 rhalmiis
493 741 783 831 ipricdrnarpeir,
815 737 872 812 lib.
890 743 931 811 de
963 741 1064 818 locis,
1098 760 1168 808 aere
1192 744 1227 808 δι
1251 742 1377 833 aquis,
1414 761 1452 809 ut
1475 739 1732 830 ξιρδιῂσκιιιρδιο

326 838 413 911 idern
446 840 613 935 fignificare
645 845 835 913 videantur.
870 844 928 912 Ait
959 843 1045 908 enim
1075 833 1228 906 humidas
1247 836 1466 934 ophthalmias
1490 843 1535 932 iis¹
1549 844 1733 936 'contingere

328 938 475 1030 qui-loca
498 938 597 1011 ualida
623 946 665 1011 δι-
679 945 780 1027 ventis
803 939 911 1009 calidis
934 938 1068 1036 perflata
1092 934 1263 1005 incolunt:
1280 938 1394 1005 ‘Duras
1419 943 1454 1009 &
1475 935 1675 1012 vehementes
1698 939 1745 1010 iis.

327 1041 386 1130 qui
409 1034 569 1110 versantur
591 1041 625 1111 in
649 1039 726 1110 loeis
748 1040 851 1110 ventis
874 1032 994 1131 frigidis
1018 1034 1190 1132 perdatis,
1222 1034 1270 1103 Sic
1302 1035 1377 1103 steca
1398 1036 1562 1134 lippitudo
1586 1031 1743 1110 bilariam·
1864 1044 1869 1056 “

325 1133 427 1232 potest
449 1138 600 1234 intelligi,
622 1139 673 1212 vel
696 1136 789 1233 quod
814 1137 893 1205 nihil
917 1156 1141 1304 autapaucutn
1173 1131 1322 1211 defluat,
1355 1134 1406 1203 vel
1428 1137 1520 1228 quod
1544 1135 1666 1233 aliqnid
1692 1140 1737 1209 ad

263 1284 266 1288 -
325 1235 433 1303 oculos
456 1252 559 1315 acre,
589 1239 755 1315 mordax,
788 1240 823 1306 δι
853 1252 972 1304 tenue·
1008 1234 1088 1306 duat
1113 1258 1178 1301 non
1201 1238 1383 1326 quantitate
1408 1228 1458 1302 kd
1484 1234 1639 1327 qualitate
1663 1260 1735 1336 pec-

323 1355 411 1400 cans.
439 1338 476 1404 ln
497 1336 638 1407 humida
665 1353 775 1404 autem
801 1337 1062 1429 humor-aqueus
1084 1333 1228 1408 defluit,
1252 1356 1319 1401 non
1337 1355 1381 1401 'eo
1405 1331 1502 1402 modo
1525 1353 1593 1428 quo
1615 1335 1735 1433 qupi·

345 1432 448 1511 hora,
471 1426 521 1519 sed
546 1455 652 1527 quum
674 1425 928 1523 inflammatione·
947 1439 979 1503 in
1002 1433 1112 1503 oculos
1135 1433 1255 1501 humor
1286 1431 1403 1501 defluit
1431 1439 1612 1528 quantitate
1633 1436 1735 1505 mole-

318 1452 426 1609 ⁴hans,
450 1529 618 1602 humidam
642 1533 875 1632 ophthalmiam
900 1524 1045 1603 describit
1070 1534 1173 1630 Hipp.
1193 1550 1276 1626 part.
1295 1530 1353 1615 48.
1374 1527 1445 1602 st&
1469 1557 1498 1622 ς.
1517 1527 1574 1620 lib
1590 1535 1729 1631 3.Epid.

320 1628 361 1696 In
384 1629 604 1703 constitutione
626 1633 684 1701 cal.
698 1632 834 1702 humida
856 1631 1061 1727 austrinaque-
1079 1632 1189 1703 miultis
1213 1625 1334 1699 fiebant
1352 1630 1564 1727 ophthalmia
1589 1632 1731 1702 hunridt

320 1725 484 1800 diuturna
508 1725 759 1828 palpebrarum,
782 1728 891 1800 miritis
913 1733 1070 1825 contigere
1100 1723 1294 1800 tubercula.
1327 1728 1429 1824 Qud
1454 1728 1545 1799 docet
1570 1751 1672 1800 unum
1697 1736 1734 1802 δι

322 1827 471 1896 eumdem
496 1829 666 1899 humorem
686 1829 846 1928 duplicem
871 1824 986 1899 habere
1009 1823 1243 1903 substantiam,
1267 1850 1367 1896 unam
1393 1846 1521 1898 tenuem
1543 1850 1612 1921 'qua
1635 1832 1745 1907 effecit:

321 1922 554 2019 ophthalmiam
579 1925 775 1997 humidam:
806 1930 939 1999 alteram
969 1925 1100 1997 crassam
1122 1949 1190 2021 qua
1214 1928 1240 1994 E
1267 1920 1385 2021 'physcs
1410 1931 1444 1995 δι
1470 1920 1633 1996 tubercula
1658 1951 1734 2023 pro-

315 2020 433 2093 ducit.
467 2025 568 2121 Qod
592 2024 663 2096 Gal.
680 2029 775 2096 Com.
796 2029 827 2096 in
851 2029 1043 2126 particulam
1067 2024 1154 2094 illam
1186 1947 1292 2096 mage
1325 2021 1443 2095 docet.
1480 2030 1521 2099 Β
1552 2045 1660 2120 quum
1686 2047 1733 2097 tc-

318 2143 416 2192 nncm
440 2124 610 2194 humorem
633 2125 723 2204 dico,
747 2151 812 2195 non
836 2147 941 2197 aerem
966 2122 1204 2198 &mordacem
1238 2125 1408 2221 intelligo,
1438 2124 1593 2194 namhie
1618 2126 1729 2195 heram

321 2219 544 2314 lippitudinem
575 2220 672 2293 lacit.
706 2227 767 2294 ¹Sed
799 2250 920 2320 aqueus
952 2232 985 2295 δι
1018 2225 1160 2319 liquidus
1190 2224 1310 2293 humor
1340 2224 1464 2293 multus
1487 2221 1658 2293 humidam
1682 2229 1740 2318 gi·-

318 2321 410 2409 gnit.
437 2321 536 2416 Quod
560 2325 700 2420 Hippoc.
727 2322 919 2392 demonstrat
944 2327 976 2391 in
996 2318 1058 2391 lib.
1074 2323 1113 2390 de
1136 2325 1210 2390 locis
1234 2326 1270 2391 bt
1293 2322 1385 2415 aquis
1410 2371 1428 2401 ,.
1446 2324 1480 2391 δι
1500 2318 1672 2391 commen.
1697 2325 1744 2391 in·-

320 2413 468 2513 Aplrorii
500 2415 628 2504 14.1ib.
663 2445 691 2507 3.
717 2420 875 2519 explicans
897 2423 980 2516 quid
1002 2422 1166 2513 contingat
1191 2437 1349 2488 autumno
1383 2421 1460 2488 sreco
1484 2423 1518 2489 ’δι
1541 2415 1735 2513 aquilonio,

316 2552 341 2594 ,r
366 2538 463 2608 quem
488 2516 573 2588 aestas
597 2525 714 2616 pariter
737 2521 813 2590 licea
839 2526 874 2591 δι
899 2521 1063 2615 aquilonia
1086 2516 1264 2617 pratellitt
1287 2521 1512 2613 Contingunt,
1538 2523 1607 2596 ait,
1632 2513 1735 2589 febres

318 2660 342 2695 ‚‚
367 2635 489 2694 acutae,
505 2618 682 2695 diuturna,
710 2619 731 2687 li
756 2619 1035 2717 pitudines'srccae,
1060 2624 1139 2712 quia
1163 2615 1253 2710 quod
1272 2621 1310 2685 in
1335 2612 1399 2687 bile
1418 2616 1462 2686 eil
1475 2610 1733 2688 humidiliimurn

315 2757 340 2791 „
367 2718 402 2781 δι
422 2715 665 2807 liquidiilimum
690 2642 875 2787 abhmrum
899 2715 962 2800 eli,
986 2716 1077 2812 quod
1102 2715 1227 2785 crassius
1251 2713 1312 2794 eli,
1335 2714 1503 2787 mmaniit.
1530 2720 1645 2812 ltaque
1669 2715 1733 2786 hu·

317 2811 488 2881 midiffima
503 2819 546 2882 1&
571 2820 707 2885 maxime
729 2814 854 2909 liquida
880 2839 952 2913 pars
975 2814 1142 2885 hulnidam
1164 2815 1403 2911 ophthalmiam
1428 2814 1606 2915 peperisset.
1630 2819 1747 2908 Qrod:

316 2905 452 2979 crassum
476 2908 520 2980 est
545 2911 583 2982 de
607 2913 693 2982 tenui
707 2913 856 2982 humore
878 2916 1071 3005 reliquum,
1101 2909 1213 2981 liccam
1235 2915 1474 3007 ophthalmiam
1497 2916 1602 3013 parit:
1637 2917 1746 3010 quodi

316 3008 452 3079 trallunt
477 3010 517 3079 de
541 3012 678 3082 humore
694 3008 844 3081 -craliiore
868 3035 904 3080 ac
927 3012 1151 3118 ghitinostore‚
1175 3012 1210 3076 in
1236 3006 1391 3105 palpebris
1413 3005 1580 3083 'tubercula
1604 3015 1729 3108 gignit,

316 3128 356 3177 ιιι
379 3132 416 3178 ex
442 3112 647 3225 Hippocratis
672 3111 839 3211 interprete
863 3106 906 3181 ab
953 3112 991 3180 de
1013 3128 1124 3208 patet.
1156 3102 1289 3177 Dieron
1313 3128 1423 3178 autern
1447 3106 1560 3207 paullo
1584 3132 1657 3179 antc
1678 3115 1741 3181 stc··

315 3231 384 3276 tam
408 3210 630 3375 lipntudinern
654 3212 737 3289 dici,
763 3214 814 3282 vel
836 3233 884 3305 qu
908 3212 926 3278 d
954 3211 998 3278 nil
1022 3227 1226 3288 accinatur,
1249 3229 1356 3301 quum
1383 3231 1447 3275 non
1471 3208 1549 3276 desit
1572 3204 1731 3278 lbrtehu-

315 3328 411 3385 mor,
475 3390 477 3394 v
511 3306 720 3409 supprimitur
745 3301 788 3377 ab
813 3301 970 3384 ambiente
994 3304 1110 3401 frigore
1134 3326 1174 3375 ut
1198 3326 1271 3377 ante
1295 3330 1333 3376 cx
1356 3302 1440 3376 libro
1463 3306 1504 3376 de
1524 3327 1595 3377 'aete
1621 3312 1658 3378 δι
1680 3307 1732 3376 lo-

313 3409 357 3473 cis
380 3405 577 3492 docuimus,
611 3412 645 3474 &
669 3430 706 3474 ea
730 3404 893 3502 lippitudo
918 3408 991 3484 stc'ea
1012 3407 1075 3472 dici
1100 3399 1228 3499 potest,
1259 3405 1389 3482 cruda,
1420 3400 1527 3475 duras
1563 3407 1613 3475 vel
1636 3405 1728 3499 quod

313 3506 445 3572 humor·
459 3498 576 3576 affluar
596 3506 727 3598 quidem
753 3500 804 3573 sed
826 3500 1079 3602 procumbam,
1104 3496 1396 3571 nitrosustTertia
1420 3499 1539 3572 accedit
1560 3522 1598 3572 ‘ea
1622 3523 1728 3597 quam

313 3589 420 3680 unii.
442 3603 595 3674 diximus
618 3625 638 3672 a
672 3598 984 3699 squaloie'quodam
1010 3600 1239 3672 &immodica
1262 3597 1418 3672 siccitate.
1446 3605 1485 3670 ln
1510 3593 1731 3697 squaloribus,

314 3703 423 3769 Gracc
443 3690 593 3781 tahon,
618 3719 727 3773 ornnes
749 3698 937 3801 pullulant,
963 3696 1014 3772 sed
1039 3706 1175 3771 maxime
1197 3694 1350 3780 secunda,
1375 3704 1409 3793 δι
1436 3706 1549 3774 tertie.
1575 3699 1662 3775 Nam
1682 3696 1727 3772 ad
1873 3758 1876 3762 .

313 3801 452 3896 primam
476 3798 575 3892 frigus
601 3795 726 3873 boreale
748 3804 908 3873 concurrit
927 3801 1091 3872 maxime.
1127 3799 1239 3870 Acrius
1271 3807 1306 3871 δι
1338 3794 1447 3871 Celsus
1469 3798 1644 3898 eornpohto
1669 3807 1730 3869 ito·

314 3901 400 3966 mine
432 3894 671 3988 {maanaim
704 3921 893 3995 vocantcas
919 3894 1095 3997 inquibus
1116 3893 1200 3969 oculi
1225 3918 1343 3981 arent,
1377 3893 1549 3993 hualcnt,
1584 3924 1650 3967 non
1672 3917 1729 3969 tu·

315 4014 406 4067 merit
430 4019 485 4064 nec
508 3991 685 4078 diffluunt,
708 3996 859 4068 sedeunt
883 4000 945 4068 le'vi
994 4005 1059 4069 ruri
1083 4004 1133 4067 ine
1158 3993 1408 4091 ingravescunt,
1429 4004 1464 4067 δι
1490 3992 1646 4096 palpebre
1660 4017 1726 4094 prae

312 4099 402 4190 gravi
426 4097 543 4194 pituita
567 4093 787 4188 inhaerebunt.
812 4099 854 4168 Et
876 4025 1241 4185 lombaaueustmiles
1253 4092 1449 4166 constituam
1471 4095 1505 4165 in
1520 4091 1731 4191 quibus-ocu-

313 4194 419 4267 lorum
444 4190 609 4293 aspritudo
626 4203 797 4276 cernitur,
816 4192 1014 4294 hbriticsr
1040 4193 1183 4294 pruritus
1214 4218 1233 4264 a
1266 4187 1385 4282 nitroso
1409 4189 1551 4292 falbque
1574 4197 1730 4292 hutnore.

314 4296 354 4363 Et
378 4298 417 4363 iis
441 4296 588 4364 accidunt
613 4294 735 4391 quibus
748 4298 911 4366 'humores
934 4290 1103 4365 biliosrores
1127 4291 1200 4368 sunt
1222 4314 1296 4368 eum
1320 4296 1478 4368 nonnulla
1500 4293 1654 4375 militie,
1667 4315 1728 4367 aut

316 4388 437 4487 quibus
461 4414 578 4492 corpur
598 4400 719 4493 pituita
743 4389 819 4465 salsa
845 4400 997 4494 putrique
1026 4389 1207 4465 abundat..
1232 4397 1318 4484 Ergo
1351 4414 1456 4489 quum
1480 4400 1514 4466 in
1538 4413 1558 4467 a
1579 4386 1734 4466 hutilino·

313 4515 389 4560 rum
412 4486 467 4560 lib.
483 4518 511 4579 3.
530 4493 974 4594 Aphot.16.l·lippoc.dieit,
998 4484 1531 4573 eiuixnoirtpbno'lntielunulu,
1555 4421 1727 4588 lignidum

314 4591 377 4657 sme
401 4589 623 4670 diliinbh'one,
648 4619 713 4662 non
738 4617 811 4663 cum
837 4596 1019 4671 additione,
1046 4601 1089 4676 ξ,
1114 4612 1154 4662 ut
1177 4584 1373 4685 quibusdam
1396 4591 1523 4687 placet.
1558 4596 1631 4665 Nec
1652 4589 1728 4661 istos

311 4684 429 4763 utilescit
453 4692 516 4780 itag
526 4692 634 4761 audire
657 4679 816 4792 bportet,
851 4712 888 4761 ae
912 4693 935 4760 li
960 4692 1006 4760 na
1032 4689 1176 4760 humoris
1201 4690 1297 4758 adsit.
1323 4691 1486 4759 Humores
1508 4693 1592 4761 enim
1609 4686 1728 4762 udfitnt·

309 4789 401 4863 ferini
414 4789 785 4885 'non'··tam,qurntitate
818 4814 920 4886 quam
953 4785 1108 4886 qualitate
1133 4782 1286 4859 molesti.
1318 4783 1420 4885 Qod
1443 4805 1549 4862 tamen
1574 4794 1607 4859 in
1631 4793 1738 4861 Contu·

311 4887 437 4976 Galtno
461 4909 526 4954 non
548 4890 698 4971 ridetur,
733 4885 782 4966 su'd
798 4912 890 4963 errat
922 4913 993 4962 nreo
1023 4890 1168 4978 iuditio,
1203 4908 1242 4959 ιιι
1257 4889 1330 4958 ¹ulio
1353 4885 1424 4979 loco
1447 4904 1466 4958 a
1490 4885 1581 4958 nobis
1604 4887 1651 4957 cst
1672 4890 1726 4955 de-

310 4985 549 5064 monstratum,
575 4990 616 5061 Et
639 4994 673 5063 in
696 4993 884 5090 lippitudine
905 4987 1031 5095 φιιιᾶξιι
1056 4985 1236 5092 consumtio
1270 4988 1355 5061 oculi
1373 4983 1520 5082 ¹sequitur
1547 5004 1604 5056 aut
1629 4987 1727 5052 ratio·

387 5120 411 5131 -.
1645 5098 1684 5152 ne
