4534 5850
568 479 637 564 „c
836 464 1234 548 turstini
1286 464 1674 546 iiiioiiir

510 631 565 679 nec
587 634 628 682 ea
648 610 811 691 conuulso
833 637 905 709 qua
928 604 1024 683 inciso
1047 609 1197 708 oppositae
1221 610 1319 706 partis
1342 600 1486 677 musculo
1518 604 1655 674 incidit.
1690 604 1752 674 Sed
1777 607 1937 683 admitte-1

425 734 435 749 ·
510 729 583 778 mus
606 714 640 779 in
663 715 788 784 Terano
811 722 916 782 rorum
940 711 1029 783 velut
1052 713 1151 801 rigere
1175 728 1289 802 corpus
1314 711 1547 775 &immotum
1572 724 1725 783 manem,
1750 707 1829 777 item
1848 733 1932 806 prae.

507 800 571 873 ciso
598 806 741 882 musculo
764 812 913 908 opposita
940 812 1037 907 panis
1062 825 1185 903 partem
1213 804 1344 873 alteram
1371 804 1489 874 retrahi
1519 801 1633 870 deinde
1658 797 1848 896 quiesoeie,
1882 827 1932 878 ta-

509 925 581 972 men
604 911 637 978 in
665 914 827 981 morituris
845 932 864 977 a
880 907 1009 979 vulnere
1032 927 1067 972 ca
1090 906 1140 971 itis
1162 923 1233 997 pars
1251 924 1323 996 qua
1342 903 1530 974 convellitur
1546 924 1614 969 non
1631 903 1676 970 ita
1690 904 1831 974 immota
1861 930 1929 978 ma-

468 1014 471 1019 ·
508 1021 587 1072 net:
621 1001 671 1077 sed
698 1009 772 1079 alias
798 1007 1027 1083 contrahitur,
1057 928 1271 1079 dskndimr,
1307 1002 1421 1094 riget,
1455 1000 1533 1069 alias
1558 992 1716 1070 subsultet
1738 1007 1930 1076 &soni-ul.

507 1093 585 1171 sorie
610 1125 785 1179 movetur:
809 1106 1001 1199 tandemque
1027 1118 1193 1199 appetente
1221 1116 1324 1168 morte
1346 1117 1416 1170 tota
1440 1089 1614 1169 immobilis
1638 1103 1749 1194 riget.
1784 1103 1875 1174 ldem
1892 1110 1927 1176 δι

506 1203 635 1284 oculis,
666 1209 700 1276 dc
726 1199 913 1303 palpebris,
944 1208 980 1272 dc
1004 1209 1131 1271 aurium
1157 1193 1245 1269 libris
1270 1200 1453 1291 contingit.
1489 1197 1667 1268 Contulsio
1698 1202 1785 1271 enim
1816 1205 1857 1272 in·
1876 1225 1927 1275 eas

507 1319 613 1393 partes
641 1304 776 1381 incidit,
807 1306 843 1374 dc
867 1323 973 1372 tamen
995 1296 1039 1369 est
1063 1306 1172 1397 potitis
1196 1298 1344 1391 quaedam
1367 1290 1470 1373 dre,
1493 1319 1595 1390 quam
1618 1291 1721 1373 alieri,
1753 1324 1764 1366 ε
1806 1320 1849 1371 ut
1869 1327 1926 1400 po.

508 1402 576 1465 rius
596 1402 758 1472 convulsio
778 1399 936 1470 coniislere
963 1400 1108 1470 videatur
1137 1393 1256 1491 (quod
1277 1394 1428 1465 doctrine
1450 1398 1552 1488 gratia
1579 1394 1704 1470 dissum
1730 1398 1864 1487 uelim)
1897 1402 1927 1469 ei

508 1488 671 1578 viriam,
712 1522 812 1596 quam
845 1495 930 1579 cira*
947 1490 1073 1564 κινᾶσει.
1116 1495 1154 1564 ld
1179 1494 1271 1588 quod
1302 1497 1399 1564 etiam
1424 1493 1536 1565 Galen.
1565 1487 1694 1564 abunde
1721 1498 1918 1595 explicavit.

507 1590 601 1661 Dum
618 1602 702 1666 enim
721 1602 849 1697 exponit
899 1595 954 1665 uid
981 1596 1015 1662 sit
1038 1585 1124 1670 inias
1142 1588 1281 1669 viavit
1306 1595 1375 1689 Hip
1435 1616 1460 1660 r.
1477 1595 1520 1662 ita
1534 1595 1594 1663 aira
1620 1595 1715 1665 Fixus
1741 1592 1922 1668 contrenis-

246 1750 248 1755 .
506 1732 530 1767 ,s
554 1713 620 1785 que
648 1700 686 1767 fit
713 1697 828 1769 oculus
865 1621 910 1763 db
943 1695 1141 1766 mouentium
1170 1689 1279 1759 oculos
1316 1692 1532 1764 mutulorum
1568 1685 1814 1767 imbecilitatem
1843 1697 1925 1779 (le-

344 1792 459 1845 me‘
505 1791 649 1881 gendum
675 1793 749 1874 est,
772 1788 1048 1870 immobilitatem,
1079 1811 1183 1884 quum
1203 1788 1467 1888 chalcographus
1491 1790 1698 1861 similitudine
1729 1817 1848 1865 vocum
1864 1796 1923 1868 de·.

343 1867 384 1924 ἰ
402 1882 480 1964 sm·
506 1907 615 1985 ceptus
653 1889 785 1979 suerit)
822 1886 1027 1962 immobilitas
1054 1909 1162 1963 autem
1185 1906 1316 1986 propter
1340 1894 1485 1960 omnium
1515 1885 1850 1971 ocuiimuicuiorum
1875 1894 1923 1966 uel

339 1972 382 2089 lsi
409 1964 480 2093 ⁰⁰1²·
505 2032 529 2064 „
552 1982 800 2069 resolutionem,
824 1992 875 2066 vel
907 2012 1070 2085 aequaim
1101 1995 1137 2058 δι
1169 2011 1243 2081 quae
1267 1990 1299 2056 in
1325 2008 1468 2058 neutram
1494 2008 1624 2085 parturi.
1642 2009 1780 2083 vergat,
1806 1992 1925 2061 tensio-

341 2074 460 2178 pffl:
504 2129 530 2162 n
552 2109 625 2157 nem
656 2094 723 2163 fieri
748 2085 851 2168 solet,
875 2090 928 2162 vel
946 2081 992 2157 ob
1017 2087 1161 2158 exustam
1176 2090 1332 2156 moventis
1361 2082 1520 2157 musculos
1545 2091 1686 2183 potentie
1714 2082 1925 2161 imbecillita-

504 2229 528 2261 „
553 2204 642 2255 teni.
679 2191 743 2258 Hic
765 2189 849 2257 vides
875 2182 1053 2257 immobiles
1087 2188 1153 2256 lieri
1186 2185 1297 2258 oeulos
1326 2182 1376 2267 dh?
1408 2177 1523 2251 inultis
1550 2178 1726 2272 i'co'iinai,
1759 2187 1822 2256 hoc
1860 2212 1927 2260 aii·-

504 2301 569 2351 tem
602 2286 643 2355 ad
674 2288 908 2358 convulsionem
944 2282 1106 2365 πίπτω,
1148 2288 1183 2355 dt
1216 2304 1322 2355 tamen
1357 2279 1561 2358 immobilitas
1595 2290 1629 2354 ἀ
1659 2286 1747 2378 rigor
1783 2288 1922 2380 quidam

501 2378 575 2451 tsi.
618 2388 660 2457 Et
686 2389 720 2454 in
750 2383 911 2480 Prognosb
928 2408 1036 2479 quum
1058 2389 1170 2478 agitur
1194 2383 1234 2453 de
1258 2388 1388 2457 aurium
1420 2379 1507 2455 fibris
1534 2407 1609 2477 quae
1630 2406 1697 2481 prae
1721 2383 1857 2456 scritate
1873 2392 1923 2455 in-

508 2525 531 2558 i,
557 2501 754 2564 venuiitur,
797 2487 842 2555 ita
876 2484 949 2555 Gal.
979 2476 1032 2555 Ab
1055 2485 1227 2553 inanitione
1249 2488 1283 2553 δι
1315 2485 1445 2553 siccitate
1475 2484 1603 2551 aurium
1634 2476 1725 2550 fibra
1753 2487 1921 2557 iuuerun-

504 2622 529 2657 „
554 2597 634 2661 tur,
666 2603 876 2655 extenuantur
891 2630 903 2663 ,
934 2583 1116 2658 siccantur,
1149 2585 1185 2651 de
1219 2580 1258 2648 sic
1276 2577 1457 2651 ¹retrorsum
1481 2581 1658 2649 tenduntur
1680 2575 1792 2652 versus
1822 2587 1919 2678 origi-

503 2723 527 2755 »
551 2699 624 2749 nem
652 2677 872 2754 musculorum
906 2673 1027 2750 sensum
1053 2681 1112 2747 illis
1144 2673 1380 2775 praebentium.
1427 2676 1551 2744 Estiiim
1582 2679 1726 2769 corrigiis
1765 2681 1918 2753 asuerus

504 2779 636 2848 convelli
669 2785 836 2879 proprium
860 2778 931 2850 est.
968 2777 1084 2848 Tensio
1111 2778 1220 2869 itaque
1244 2777 1281 2845 sit
1305 2779 1340 2846 dt
1363 2771 1558 2846 convulsio:
1603 2773 1638 2841 id
1663 2797 1776 2847 autem
1800 2773 1918 2876 absque

505 2894 599 2946 motu
624 2903 689 2948 uon
712 2879 782 2951 est.
817 2882 932 2951 Motus
954 2899 1061 2950 autem
1085 2873 1129 2946 est
1153 2877 1232 2969 quia
1257 2896 1277 2943 a
1300 2877 1435 2948 termino
1465 2894 1485 2942 a
1515 2872 1649 2968 quoad
1674 2881 1850 2950 terminum
1875 2880 1917 2952 ad

504 2996 603 3068 quem
627 2980 665 3050 fit
689 2984 859 3051 mutatio.
902 2981 944 3049 Et
979 2978 1050 3048 licet
1083 2997 1156 3075 pars
1191 2973 1298 3071 postea
1336 2976 1436 3068 rigeat
1469 2973 1502 3040 in
1534 2969 1709 3068 eodemque
1740 2974 1826 3049 statu
1851 3002 1918 3051 ma.

504 3095 605 3156 iieat,
643 3103 710 3148 non
737 3080 849 3151 desinit
882 3096 991 3147 tamen
1022 3074 1153 3147 convelli
1182 3116 1193 3148 2
1227 3091 1265 3140 ut
1293 3096 1359 3140 non
1398 3073 1436 3140 fir
1468 3072 1606 3170 amplius
1640 3070 1728 3156 sirii
1739 3070 1917 3161 piandus,

506 3166 556 3242 sed
591 3173 620 3239 ci
648 3176 691 3259 api
717 3172 844 3255 ndacii
872 3224 882 3245 .
926 3174 1023 3256 Facile
1056 3191 1164 3244 autem
1195 3171 1311 3239 siccatis
1350 3164 1502 3240 musculis
1529 3176 1565 3241 δι
1597 3173 1699 3243 nervis
1730 3178 1917 3270 contingere

504 3268 579 3341 solet
604 3323 613 3342 .
654 3276 782 3346 Accedit
804 3275 845 3344 ad
869 3268 1038 3373 superiora,
1060 3273 1101 3341 de
1133 3268 1339 3340 convulsione
1363 3262 1588 3366 palpebrarum
1612 3270 1769 3341 notandus
1790 3272 1913 3346 locus.

505 3374 620 3462 Quum
651 3368 801 3474 palpebra
833 3375 1057 3473 pervertitur,
1100 3386 1162 3439 aur
1192 3365 1411 3446 distralurur,
1452 3387 1508 3438 aut
1536 3369 1736 3440 contrahitur
1776 3371 1916 3467 (signi-

504 3513 529 3549 „
556 3471 700 3544 stantius
731 3478 874 3551 Graece,
912 3468 939 3537 ii
968 3464 1109 3556 pomp,
1145 3461 1338 3547 κᾱμῐῦλθῐ,
1373 3460 1487 3551 i‘ttvi'v,
1509 3461 1750 3562 mathim)
1785 3470 1818 3541 id
1856 3489 1916 3543 aut

506 3615 529 3645 ‚‚
554 3590 682 3665 propter
700 3573 870 3643 tensionem
896 3569 1160 3644 corruissem,
1188 3582 1247 3635 aur
1269 3558 1315 3634 ob
1338 3560 1558 3635 resolutionem
1583 3570 1617 3634 iii
1642 3567 1740 3636 altero
1763 3591 1802 3640 ex
1827 3565 1916 3640 mus·

504 3667 583 3735 culis
599 3670 712 3738 oculos
734 3665 953 3741 claudentibus
975 3669 1042 3735 fieri
1073 3660 1173 3735 solet.
1194 3668 1234 3743 Et
1250 3665 1362 3735 Galen.
1386 3657 1505 3761 semper
1536 3658 1671 3780 usurpat
1692 3656 1826 3740 deine,
1850 3692 1914 3738 no-

505 3785 600 3844 men,
622 3790 726 3860 quum
739 3770 815 3838 dicit
846 3765 934 3849 ⁶75⁸?
959 3759 1032 3829 ruico
1045 3755 1217 3842 munilia
1241 3809 1253 3841 ,
1282 3763 1350 3832 fieri
1373 3760 1465 3831 istam
1480 3760 1643 3848 murlo,
1676 3762 1730 3837 vel
1751 3759 1913 3845 minu,

529 3886 706 3960 uamquam
721 3860 902 3940 miiitum
912 3855 1121 3949 praenestiae
1144 3860 1246 3932 idem.
1277 3865 1318 3932 Er
1335 3860 1387 3933 iiie
1403 3863 1580 3943 neotericus
1596 3866 1655 3957 qui
1664 3885 1821 3958 magnum
1829 3865 1920 3958 quid·

503 3886 534 4032 se
550 3963 701 4037 effinxisse
718 3982 811 4065 putat
826 3987 933 4059 quum
951 3963 996 4031 ait
1017 3953 1143 4056 preciso
1158 3956 1304 4031 musculo
1319 3962 1488 4061 opposito,
1503 3979 1560 4032 aut
1572 3962 1703 4056 paralysi
1731 3963 1831 4061 partis
1851 3988 1914 4060 op-

503 4061 611 4155 positae
626 4088 691 4131 non
714 4067 895 4155 contingere
909 4082 1017 4133 uttam
1034 4062 1289 4140 convulsionem,
1307 4055 1356 4132 sed
1373 4061 1548 4156 quamdam
1572 4057 1910 4157 potiusrerafflonem

502 4159 827 4250 &rigorem,quum
844 4179 1005 4253 parsque
1024 4160 1210 4238 retrahitur,
1236 4164 1270 4227 δι
1298 4155 1372 4229 sana
1397 4161 1468 4240 sit,
1500 4164 1536 4229 δι
1562 4152 1731 4228 immobilis
1762 4178 1909 4242 maneat,

502 4251 654 4319 alucinari
668 4245 761 4323 nobis
774 4254 917 4323 ridetur.
935 4257 1089 4348 Hippocr.
1108 4262 1195 4323 enim
1215 4260 1250 4324 de
1267 4260 1378 4326 Galen.
1398 4259 1603 4329 indifferenter
1610 4274 1751 4328 utuntur
1762 4251 1908 4340 vocibus

502 4342 734 4431 hispanim,
757 4340 989 4425 «maanaim
1011 4343 1172 4423 mrim
1199 4345 1315 4434 iioio'r
1338 4401 1347 4424 .
1374 4357 1426 4426 Ut
1449 4356 1616 4436 distortio,
1640 4356 1810 4437 mnan,
1834 4380 1906 4455 per-

502 4442 621 4520 veriio,
636 4443 733 4512 tensio
744 4442 962 4523 convulsisita,
985 4446 1112 4516 nomine
1129 4447 1338 4522 convulfionis
1354 4454 1572 4538 includantur,
1596 4452 1765 4553 proehtim
1784 4454 1808 4522 si
1834 4480 1905 4528 iiio-

501 4541 803 4614 tusiniioluntarius
818 4542 1022 4641 precesserit.
1047 4545 1127 4617 Non
1142 4549 1231 4642 quod
1252 4547 1355 4647 perse
1378 4552 1539 4643 inormi,
1574 4545 1906 4631 infamissimae

501 4632 614 4708 ‘imi
624 4639 666 4711 sit
683 4635 841 4723 mitit„
856 4635 906 4712 sed
923 4646 1001 4737 quia
1021 4644 1075 4716 illa
1090 4670 1166 4741 quae
1183 4650 1408 4725 convelluntur
1424 4645 1633 4732 aarum,
1656 4645 1861 4741 empimiai,
1878 4664 1904 4741 a,

497 4725 674 4844 tisim
692 4786 706 4847 ἱ.
732 4739 802 4808 Nec
816 4744 863 4808 ira
880 4742 1069 4818 Neutericus
1085 4750 1119 4815 in
1134 4743 1267 4826 uocibus
1291 4752 1399 4824 ludere
1414 4746 1526 4831 debuit
1539 4771 1578 4822 ut
1590 4774 1715 4834 ,nomen
1728 4754 1906 4823 convulso-

497 4850 547 4908 ¹³¹⁸
562 4851 595 4898 ¹¹¹
606 4834 782 4946 1³1²}sz
795 4831 931 4910 musculi
944 4843 1100 4937 oppositi,
1120 4846 1179 4914 aiit
1193 4849 1322 4921 vulnere
1338 4852 1449 4947 sapitis
1465 4844 1619 4926 absumet
1642 4856 1680 4921 &
1703 4845 1900 4930 obseraret.

497 4924 615 5014 Vnum
626 4923 730 5004 Obitu
740 4952 870 5037 mutue
883 4956 1030 5034 oportet·
1055 4942 1204 5014 Diximus
1224 4963 1298 5019 ante
1310 4948 1534 5050 perversionem
1549 4944 1710 5050 palpebra
1724 4951 1905 5115 coptliugtre

599 5093 604 5103 ·
1770 5059 1855 5117 ⁰610
