4534 5850
544 459 1537 553 sternumeitrnumrrarr.
1643 504 1707 572 ¹43
1795 562 1798 567 ¹

325 618 394 692 sus.
422 617 608 709 Difficultas
626 610 783 712 spirandi·
812 611 876 682 Alii
895 607 1069 684 referebant
1086 615 1126 684 ad
1142 611 1270 696 ζύμωσιν
1294 615 1326 679 a}
1350 613 1429 690 itura?
1453 613 1680 696 μολιιὶιολιηῦ,
1700 619 1754 693 gh]
1882 580 1886 585 ’

323 724 365 792 ²d
387 723 573 819 Pulffi⁰¹¹0⁵0
597 707 706 784 Pulfils
728 729 798 780 “at
816 712 1003 805 issaequalls,
1029 718 1063 783 δι
1088 714 1181 784 valde
1205 713 1428 791 inordinatus,
1453 717 1489 782 δι
1512 707 1751 808 perturbatus.

324 823 454 889 Interiit
476 829 614 913 repente.
642 817 681 882 ln
699 812 827 881 thorace
842 830 960 903 magna
982 815 1143 904 quantitas
1157 833 1279 909 reperta
1301 809 1344 881 est
1366 834 1458 905 aqua
1474 829 1641 900 cruenta,
1661 813 1750 885 lotu-

326 942 400 988 ram
416 917 513 988 carnis
535 905 704 982 restrentis.
730 911 830 981 Unde
853 911 935 990 hoc,
959 910 1178 1005 &quomodo
1199 906 1322 981 fastum
1346 905 1471 991 suerit,
1493 933 1558 993 non
1583 909 1627 989 est
1652 907 1742 986 facilc
1887 914 1892 923 ’

327 1024 401 1086 eon'
475 1035 509 1083 ra
527 1011 575 1083 all
609 1014 660 1081 ui.
1676 1064 1678 1069 .

375 1015 484 1184 §gua
499 1032 631 1182 Domeibi
647 1112 779 1182 Hellain
798 1110 832 1177 in
849 1104 968 1180 febrem
981 1111 1107 1180 incidit.
1131 1101 1312 1203 Orgasmus
1344 1105 1549 1177 humorum.
1572 1108 1675 1181 Dolor
1701 1113 1747 1181 ti.

324 1208 450 1285 blatum
466 1205 689 1309 implacabilis.
713 1209 874 1292 laetatio.
899 1207 976 1279 Nor
996 1213 1162 1305 inquieta.
1189 1207 1307 1288 Mane,
1321 1204 1451 1277 cellanre
1471 1206 1569 1277 veluti
1588 1202 1754 1285 tibiarum·

320 1313 451 1391 dolore,
475 1308 589 1380 nnrstn
605 1309 711 1379 lateris
735 1308 826 1377 dolor
843 1302 1012 1379 oboritur.
1040 1307 1225 1380 Difficultas
1240 1300 1261 1374 s
1276 1308 1394 1375 itandi.
1415 1304 1538 1404 Aperta
1554 1328 1652 1376 vena.
1681 1310 1745 1378 Die

322 1405 461 1505 sequenti
476 1427 585 1508 aperta
600 1412 695 1478 etiam
719 1430 814 1479 vena.
841 1410 966 1478 Datum
995 1432 1015 1480 a
1040 1409 1169 1478 meridie
1191 1332 1484 1476 musicamentum.
1510 1407 1587 1474 Ecce
1617 1404 1746 1496 insignis

321 1505 433 1605 pulsus
457 1513 618 1586 mutatio,
641 1530 740 1604 eaque
756 1508 908 1577 terrifica.
935 1503 1100 1579 intercisus
1131 1498 1269 1604 pulsus,
1293 1505 1383 1599 quali
1409 1504 1539 1592 tendens
1563 1502 1604 1573 ad
1640 1505 1744 1601 capri-

321 1629 470 1688 mntem,
494 1597 676 1702 inequalis,
700 1607 921 1684 inordinatus,
945 1608 1149 1703 almuantum
1166 1606 1399 1675 intermittens.
1425 1603 1513 1673 Talis
1537 1595 1744 1700 perseveravit

322 1729 379 1803 per
392 1711 539 1802 quinque
554 1722 614 1775 aut
628 1703 678 1778 scr
693 1708 776 1776 dies.
803 1706 843 1773 Et
858 1726 963 1798 quum
976 1709 1010 1774 id
1025 1702 1068 1777 ab
1094 1707 1238 1775 humoris
1269 1703 1484 1772 melancholici
1509 1719 1594 1771 tetro
1617 1723 1748 1798 ,vapore

317 1811 504 1896 contingere
521 1805 703 1885 videretur,
729 1827 795 1871 non
808 1803 943 1872 desitum
966 1804 1010 1874 est
1032 1827 1103 1875 eam
1169 1822 1278 1892 rgate.
1302 1800 1445 1890 Purffitta
1468 1794 1536 1868 est.
1562 1792 1673 1873 Pulsus
1697 1799 1743 1868 ad

320 1897 415 1970 sunm
431 1919 600 1979 naturam,
623 1897 891 1993 &symmetriam
906 1901 1017 1995 rediit,
1042 1905 1081 1971 ln
1114 1826 1239 1970 gibus
1263 1892 1373 1996 pulsus
1395 1897 1587 1968 mutationes
1615 1917 1683 1966 non
1698 1898 1750 1968 ita

322 2007 391 2069 cito
416 2023 473 2069 nos
496 2017 609 2069 terrere
621 1997 757 2070 debent.

320 2120 335 2166 ‚¹
371 2093 542 2170 Damiklla
566 2101 698 2192 Ararye
714 2099 925 2198 orthopnoica
940 2118 1027 2171 erat.
1053 2098 1181 2194 Magna
1203 2098 1293 2195 eopia
1318 2097 1422 2196 putris
1456 2097 1582 2194 pituita
1611 2100 1647 2166 in
1673 2097 1749 2192 pul·
1766 2162 1797 2216 D

323 2217 434 2266 mone.
464 2200 655 2291 Purgatione
672 2203 706 2268 δι
730 2204 848 2268 ventris
872 2195 1045 2275 inferioris,
1070 2201 1104 2265 δι
1125 2199 1228 2269 multa
1249 2196 1445 2266 anamtharfi
1459 2195 1572 2266 melius
1597 2187 1743 2263 habuit.
1766 2157 1901 2296 ‘'ist''

319 2298 359 2364 ln
378 2293 563 2364 difficultate
578 2290 716 2393 spirandi
742 2318 807 2362 non
830 2295 874 2365 est
898 2290 1097 2366 formidanda
1110 2301 1206 2368 etiam
1219 2293 1366 2389 frequens
1386 2299 1422 2365 δι
1439 2313 1556 2386 magna
1573 2315 1636 2388 pur
1678 2294 1743 2359 tio.
1761 2256 1910 2397 maxx

377 2387 551 2463 Damisella
566 2393 666 2485 Boyer
683 2387 843 2464 laboravit
859 2390 1064 2462 destillatione
1075 2397 1109 2463 in
1124 2398 1288 2488 gingivas,
1304 2398 1339 2462 δι
1356 2391 1527 2482 linguam.
1552 2313 1744 2463 &rogamur

319 2514 359 2561 ea
373 2490 558 2562 destillatio.
588 2496 634 2561 Ac
654 2497 811 2586 quaritur
835 2485 932 2588 sape,
956 2517 998 2562 an
1014 2491 1159 2571 calidus,
1184 2515 1226 2561 an
1242 2487 1376 2583 frigidus
1396 2489 1444 2557 ·srr
1470 2487 1590 2561 humor
1611 2489 1670 2581 qui
1698 2492 1747 2559 in-

321 2589 415 2659 linit.
443 2593 480 2659 ln
497 2613 610 2683 coryza
622 2594 708 2660 enim
726 2585 934 2689 asperitasest
953 2585 992 2659 sae
1038 2636 1049 2668 ,
1074 2584 1225 2684 squalor,
1250 2592 1284 2654 δι
1310 2585 1538 2660 veluradustio
1587 2586 1740 2664 uadem,

318 2710 423 2783 quum
441 2709 547 2760 tamen
562 2693 691 2760 materia
708 2692 829 2783 origine
852 2685 965 2781 frigida
996 2708 1040 2758 rt.
1066 2690 1125 2759 Sed
1140 2689 1183 2758 est
1205 2690 1312 2786 potius
1336 2680 1440 2757 serum
1471 2609 1654 2755 nitrosum.
1681 2685 1743 2754 Pn-

322 2789 400 2857 rulis
414 2806 497 2867 erat,
524 2794 558 2858 δι
583 2809 673 2857 tanta
689 2787 748 2856 fuit
772 2795 821 2859 vis
844 2786 1090 2866 destillationis,
1113 2807 1152 2858 ut
1176 2805 1321 2882 quatuor
1344 2787 1450 2855 dentes
1471 2784 1680 2862 concursent,
1705 2787 1741 2857 δι

322 2881 457 2956 mobiles
472 2888 655 2956 reddiderit.
684 2886 785 2955 Dolor
809 2882 1037 2981 implacabilis,
1060 2882 1099 2956 ne
1123 2889 1289 2958 narcoticis
1322 2885 1454 2978 quidem
1481 2887 1591 2956 cedens
1615 2934 1624 2953 .
1652 2882 1742 2952 Tan·

321 2986 395 3055 dem
413 2990 445 3056 vi
468 3007 589 3057 naturae
618 2979 769 3055 abscessus
792 2983 838 3053 est
864 3004 1071 3079 procuratus,
1093 2992 1154 3077 qui
1178 2979 1355 3082 suppurato
1378 2984 1599 3055 allevationem
1625 2987 1743 3074 quam-

321 3085 398 3153 dam
414 3086 540 3154 artulit.
569 3088 692 3158 Revera
709 3109 773 3154 non
791 3084 917 3156 videtur
939 3084 1081 3153 alienum
1099 3089 1133 3151 in
1159 3082 1301 3179 parulide
1329 3102 1498 3177 procurare
1522 3075 1741 3175 suppuratum

322 3184 362 3252 ad
378 3186 522 3255 vitandos
542 3187 665 3254 dolores
687 3177 921 3281 implacabiles,
946 3186 1005 3277 qui
1023 3181 1176 3281 parulidis
1189 3182 1319 3251 comites
1332 3177 1389 3249 elle
1414 3171 1528 3247 solent.
1553 3176 1615 3250 Sed
1640 3180 1675 3245 δι
1690 3192 1740 3246 ta·
1761 3234 1869 3286 cm?-

322 3286 407 3351 metsr
421 3284 556 3376 gravida
575 3287 629 3361 sit,
656 3310 719 3351 non
736 3285 950 3351 timuimus-ei
973 3283 1048 3350 dare
1074 3281 1190 3377 pilulas
1213 3283 1308 3350 ctiam
1342 3273 1570 3348 scammonium
1586 3275 1742 3370 ‚reeipien-
1761 3306 1902 3385 Mna

319 3398 382 3448 tes.
409 3383 469 3448 Sed
486 3376 733 3450 observaverunt
752 3381 870 3448 Medici
886 3377 1004 3445 multos
1020 3378 1174 3444 catarrhis
1188 3373 1344 3445 obnoxios
1360 3376 1438 3455 elle,
1452 3376 1542 3466 quod
1561 3373 1739 3445 medullam
1762 3393 1818 3451 lem
1828 3385 1865 3458 ό·

321 3477 420 3572 ipsius
445 3471 565 3545 cerebri
589 3476 756 3544 delicatam
779 3478 813 3542 ἃ
839 3469 969 3539 mollem
986 3466 1151 3540 habeant:
1175 3471 1344 3567 Propterea
1371 3487 1408 3539 ea
1426 3470 1644 3540 confirmanda
1666 3467 1717 3537 estv
1733 3513 1747 3547 ,
1762 3476 1864 3534 delica-

323 3575 455 3645 vitanda
472 3574 627 3652 cruditas,
651 3573 798 3646 vitandus
822 3590 928 3638 rerum
953 3570 1046 3641 valde
1064 3567 1262 3663 liquidarum
1278 3565 1423 3661 frequens
1448 3560 1538 3637 usus.
1765 3572 1827 3618 ’Μ
1848 3554 1907 3615 ⁶¹¹²

372 3675 468 3746 Serve
486 3673 636 3769 Stephani
652 3671 753 3741 Color
771 3671 900 3740 coeliaca
915 3668 996 3738 milri
1013 3662 1077 3740 visa
1093 3664 1145 3737 est
1156 3688 1194 3736 ex
1209 3670 1247 3735 iis
1264 3668 1375 3759 signis,
1400 3688 1476 3761 quae
1492 3668 1646 3764 proponit
1664 3666 1737 3735 Fer·
1758 3638 1890 3784 “2⁸:5⁶2

320 3772 435 3841 nelius.
463 3777 503 3842 Et
521 3774 572 3844 hic
590 3773 677 3842 locus
702 3771 773 3840 fiere
799 3793 865 3837 non
897 3765 941 3835 est
971 3766 1233 3865 pratereundus,
1258 3768 1412 3860 quoniam
1436 3768 1468 3833 in
1487 3764 1729 3837 controversiam
1753 3726 1902 3881 ‘'fame“

319 3874 407 3942 venit
424 3866 520 3967 sepe.
547 3874 588 3941 Et
606 3870 735 3939 Medici·
748 3865 862 3938 frustra
879 3860 1253 3962 nitunturfipprimcre.
1281 3859 1366 3934 Falsa
1379 3866 1534 3961 opinione,
1552 3858 1647 3934 febris
1669 3863 1733 3934 du-
1759 3897 1832 3968 W·
1853 3906 1905 3955 10,

318 3985 459 4049 cuntur,
485 3973 520 4037 dc
545 3971 586 4038 ad
601 3956 850 4065 phlebotomiam
867 3966 1017 4037 veniunt.
1044 3966 1194 4058 Denique
1211 3988 1276 4033 non
1291 3958 1363 4034 satis
1380 3980 1524 4033 accurate
1539 3959 1742 4053 distinguunt
1757 3963 1809 4035 lib.
1826 3963 1861 4035 '6·

320 4062 349 4129 ri
373 4064 516 4132 minnah
538 4114 550 4146 ,
575 4074 600 4154 i,
625 4060 822 4134 aesmundi.
850 4062 1033 4135 lstaautem
1054 4058 1142 4135 serra
1159 4065 1203 4132 ita
1226 4080 1295 4132 erat
1322 4059 1449 4131 affecta.
1477 4059 1620 4130 Primum
1642 4059 1737 4131 dolor
1761 4056 1881 4119 mbos·

321 4165 449 4258 insignis
464 4166 505 4235 ad
528 4188 565 4235 os
591 4167 778 4239 ventriculi.
806 4158 1069 4235 Putabantillam
1085 4186 1121 4231 ca
1139 4168 1174 4231 in
1198 4179 1286 4258 parte
1308 4159 1500 4260 perculiam,
1524 4153 1577 4229 sed
1600 4153 1737 4232 frustra.
1778 4167 1804 4229 '.
1838 4224 1845 4235 .

322 4262 461 4346 laetatio
477 4284 544 4333 erat
567 4265 705 4343 assidua,
728 4262 907 4335 dormiendi
921 4266 1129 4363 impotentia.
1154 4261 1310 4356 Qotidie
1333 4253 1563 4330 excernebant.
1576 4262 1667 4358 copia
1693 4262 1742 4331 in·

320 4383 396 4454 gens
420 4366 560 4433 materiei
576 4359 766 4443 albicantis,
789 4365 892 4436 veluti
915 4362 1107 4463 pulticulam
1141 4355 1314 4430 referentis·
1341 4360 1422 4432 Non
1454 4360 1611 4436 leienteria
1635 4377 1705 4437 erat
1725 4405 1740 4441 ,

322 4455 451 4532 sederat
463 4465 601 4535 excretio
619 4461 765 4531 coeliaca.
791 4466 918 4532 Etenim
935 4460 1130 4534 ventriculus
1138 4452 1197 4530 suo
1210 4453 1392 4530 serissecerat
1406 4456 1533 4535 officio,
1550 4450 1604 4526 sed-
1612 4450 1738 4530 διέλθω

323 4577 393 4628 erat
415 4563 587 4659 impedita.
625 4566 667 4631 Et
681 4565 715 4630 in
731 4561 793 4653 hoe
814 4564 892 4649 jacet
907 4555 1070 4631 discrimen
1093 4562 1175 4629 incer
1198 4554 1390 4630 leientetiam
1414 4559 1451 4628 dt
1473 4551 1634 4633 eoeliaeam
1660 4553 1737 4622 arle-

324 4657 479 4727 stioncm·
501 4658 606 4731 Febris
617 4675 748 4760 'reponte
765 4652 929 4735 oboritur,
951 4677 1028 4728 tum·
1040 4649 1087 4727 ob
1101 4656 1225 4752 vigilias
1242 4674 1424 4826 perpetuas,
1450 4658 1485 4725 δι
1501 4646 1643 4731 labotes,
1666 4669 1738 4732 tum

323 4747 371 4820 ob
389 4773 512 4825 motum
537 4764 674 4831 marcrici
699 4778 764 4830 ram
790 4754 953 4837 foeoentis,
977 4760 1067 4848 cujus
1088 4776 1194 4853 vapor
1207 4777 1263 4826 nor
1331 4757 1422 4832 iens,
1455 4778 1522 4824 non
1550 4748 1650 4848 potcll
1671 4774 1737 4822 non
1812 4840 1819 4847 ι

324 4846 517 4922 febriculam
550 4862 724 4952 quamdam
746 4862 904 4930 excitare.
939 4860 981 4930 Et
1002 4858 1037 4926 in
1053 4850 1271 4930 manuni.
1305 4852 1326 4923 fi
1355 4852 1489 4926 mxime
1512 4852 1621 4927 alas.
1643 4867 1738 4941 opor⁴

321 4951 568 5094 ‘clncufelfflfis
599 4962 737 5037 &mres
770 4951 950 5061 sillinmc,
980 4975 1019 5050 ut
1050 4972 1142 5028 tanto
1173 4936 1303 5047 morbo
1318 4945 1476 5052 sufficiunt
1501 4997 1513 5019 .
1543 4942 1738 5100 Talisfflaffe·
