4534 5850
606 516 677 564 aro
878 483 1234 559 fleuisti:
1268 476 1704 557 ‘adalmari‘

554 652 590 704 tc
605 629 678 701 Gal.
696 621 791 699 cont
808 627 841 694 in
856 640 937 720 part.
958 648 1016 710 47.
1041 612 1398 716 lib.12.Prognost.,live
1421 617 1563 693 caliditas
1587 619 1891 720 ignimtolllquantl
1905 625 1971 702 ned

554 736 660 808 enim,
683 721 897 802 consumens,
920 742 1011 794 vetto
1030 744 1070 792 ιιι
1093 730 1262 822 interpres,
1286 743 1391 814 quum
1409 723 1443 789 in
1468 718 1580 791 Grato
1604 719 1665 799 lit,
1681 719 1880 805 cuunrrtiln
1898 728 1970 814 erp.

548 820 681 911 mia)
706 831 741 895 dt
764 823 857 894 simul
882 817 1080 921 spirltuosam
1096 811 1301 893 substantiam
1326 817 1461 890 efficiens
1484 820 1529 919 in¹
1542 813 1651 889 multis
1674 843 1838 914 agrorum
1871 828 1969 897 videri

555 924 648 1025 pollii
670 918 813 1023 spumam
832 943 996 1016 genum.
1021 921 1101 993 Non
1123 926 1210 991 enim
1234 921 1269 991 in
1289 913 1476 1017 corporibus
1498 917 1610 993 nostris
1643 914 1815 1018 exspetiare
1842 944 1970 1021 oportet

555 1025 771 1096 veliementern
790 1041 920 1090 motum
935 1022 1090 1115 aliquem:
1114 1014 1166 1091 sed
1184 1010 1470 1120 caloripsemulrus
1478 1022 1639 1089 materiam
1666 1026 1786 1112 agitat,
1821 1018 1969 1119 spiritum

551 1114 732 1193 llatuosum
749 1123 882 1201 excitat,
905 1126 963 1215 qui
978 1121 1090 1190 deinde
1106 1125 1224 1191 mixtur
1239 1121 1272 1192 in
1286 1116 1428 1190 eraffiore
1444 1121 1595 1198 materia,
1619 1116 1964 1210 motusasecumslam

548 1214 885 1419 esraa
901 1206 1709 1414 artabantur
1730 1220 1968 1393 atala

892 1367 901 1385 ⁴
1521 1382 1524 1387 -
1715 1362 1727 1398 t

550 1422 646 1519 apud
664 1416 823 1490 Galerium
836 1416 1043 1489 oontmterfia
1057 1418 1291 1489 commentandi
1307 1410 1492 1487 desiderium
1521 1420 1633 1487 auxit.
1651 1423 1789 1495 ,Eorum
1811 1442 1884 1514 quae
1907 1422 1968 1489 ‹lo-

554 1518 655 1588 cenda
670 1516 909 1588 institueramus
941 1509 1113 1587 secundum
1130 1516 1191 1597 etl,
1222 1537 1263 1588 ut
1285 1533 1450 1613 quaeratur
1457 1562 1469 1594 ,
1494 1536 1751 1589 anexcremcnta
1776 1513 1885 1588 biliosa
1894 1514 1968 1616 spu-

555 1638 643 1687 marn
667 1617 757 1686 odere
771 1613 905 1715 pollint,
929 1639 1036 1709 quum
1056 1622 1169 1687 tenuia
1184 1617 1260 1689 sint:
1285 1618 1449 1687 materiam
1473 1634 1579 1685 autent
1602 1610 1722 1715 spuma
1745 1627 1967 1712 generatricem

550 1712 785 1786 eradiusculam
800 1712 857 1784 elle
881 1733 1043 1812 oporteat.
1069 1711 1190 1786 Tribus
1208 1716 1311 1786 modis
1329 1706 1514 1812 respondete
1535 1712 1624 1796 lioet,
1646 1717 1745 1810 idque
1772 1714 1926 1787 succinere
1954 1738 1963 1786 t

556 1817 677 1913 Spuma
699 1810 749 1885 tel
766 1811 810 1882 est
834 1808 962 1907 fugax,
986 1819 1022 1882 δι
1046 1805 1141 1883 bille
1165 1810 1287 1892 instar,
1310 1812 1636 1911 velellpetmanenr.
1660 1816 1697 1884 Si
1716 1812 1828 1886 littura
1855 1810 1876 1882 s
1914 1834 1966 1884 ma

556 1930 617 1984 aut
630 1907 720 1982 bulla
735 1910 852 2007 fugax,
875 1932 1004 1981 tenuem
1023 1917 1187 1982 materiam
1202 1910 1260 1984 etse
1275 1933 1420 2011 oportet:
1439 1915 1583 2010 Exempli
1596 1912 1719 2005 gratia,-
1731 1936 1817 2008 aqua
1834 1839 1968 2008 elsduid

554 2030 672 2090 tenue,
694 2014 730 2081 δι
755 2030 919 2110 propterca
937 2006 1092 2081 tlaruosus
1116 2004 1139 2079 s
1152 2016 1245 2081 iritut
1258 2008 1382 2108 spuma
1393 2010 1509 2081 audior
1534 2034 1599 2078 non
1626 2032 1786 2081 coercentr
1806 2013 1931 2081 diutius
1957 2058 1970 2092 ,

556 2106 633 2180 hine
649 2112 682 2178 in
706 2112 786 2180 mari
810 2132 876 2178 non
890 2103 935 2179 est
950 2104 1065 2180 stabilit
1084 2037 1187 2180 budda.
1215 2109 1287 2179 Gal.
1303 2107 1613 2179 Commentariorum
1639 2108 1674 2176 in
1699 2126 1781 2205 paro
1801 2110 1873 2195 '47.
1906 2103 1969 2179 lib.

561 2232 592 2276 t.
620 2204 737 2303 ngtr.
774 2212 815 2279 Et
847 2208 1160 2281 Commentariorum
1196 2212 1231 2276 in
1267 2211 1295 2278 A
1320 2208 1388 2276 hor.
1411 2228 1463 2291 54.
1491 2198 1549 2274 lib.
1574 2230 1606 2292 7,
1639 2207 1678 2275 Et
1707 2203 1836 2277 duobus
1857 2206 1968 2277 modia

557 2303 676 2406 spuma¹¹
707 2302 805 2404 fingar
829 2302 894 2387 est,
930 2329 1002 2378 tum
1017 2327 1122 2404 quum
1157 2313 1264 2378 tenuit
1340 2305 1489 2377 ¹materia
1519 2323 1592 2374 tum
1627 2326 1734 2400 quum
1750 2302 1878 2405 spiritns
1903 2308 1966 2377 fla-

555 2404 666 2478 tuosus
679 2413 807 2502 cogitur
832 2402 990 2505 superiora
1013 2402 1182 2506 capessere,
1205 2426 1245 2476 ut
1294 2426 1373 2474 uum
1399 2397 1441 2472 ab
1467 2406 1542 2499 igne
1565 2408 1742 2474 excitatur.
1769 2407 1823 2475 Sin
1849 2398 1963 2500 spuma

554 2502 673 2575 stabilis
695 2509 772 2582 erit,
797 2511 832 2574 dt
850 2511 1013 2576 materiam
1037 2499 1231 2598 glutinofim
1250 2430 1306 2574 ede
1326 2523 1475 2601 oportet:
1499 2509 1534 2574 δι
1559 2494 1704 2602 spiritum
1718 2496 1893 2581 imitabili,
1917 2506 1966 2573 td-

553 2596 846 2694 estcaliginosum.
871 2605 909 2667 ln
935 2596 1048 2671 biliosa
1063 2597 1234 2688 deiet‘iione
1293 2602 1348 2670 test
1373 2600 1429 2672 else
1453 2597 1563 2701 spuma
1588 2596 1712 2687 fugax:
1738 2604 1822 2671 unde
1843 2602 1965 2701 appod-

552 2720 585 2769 te
608 2701 747 2794 Hippot.
768 2719 833 2763 non
850 2717 942 2768 vocat
956 2697 989 2765 in
1004 2694 1232 2783 dejtt’tionibut
1249 2625 1362 2770 birotis
1376 2695 1472 2789 titpdr,
1488 2696 1537 2771 sod
1550 2696 1729 2775 r'ttm'bttrra
1746 2691 1879 2788 aa&
1904 2701 1963 2772 Sed

553 2823 588 2884 7⁴
615 2797 736 2893 tiphon
759 2795 891 2887 loquens
915 2795 954 2865 de
979 2795 1098 2894 pituita
1133 2817 1154 2868 a
1184 2806 1286 2898 capite
1311 2793 1433 2872 labenti
1456 2818 1550 2872 vocat
1582 2788 1702 2886 iapida
1724 2790 1926 2883 lutosae:
1951 2845 1962 2869 .

552 2896 653 2995 Qod
679 2892 877 2964 notandum·
899 2892 1044 2967 Secundo
1061 2895 1179 2980 modo,
1201 2897 1386 2990 dejeffiones
1409 2893 1525 2971 biliosa
1544 2893 1663 2969 habent
1677 2897 1773 2966 etiam
1789 2891 1878 2967 suam
1886 2894 1966 2968 tras

553 2991 671 3066 sitierit.
694 2995 735 3064 Et
757 2992 908 3064 iitetnon
932 2992 1091 3078 habeant,
1114 2997 1160 3068 nil
1184 3003 1298 3070 attinet
1312 3017 1419 3070 tamen
1442 3018 1549 3093 quum
1574 3017 1659 3089 aqua
1673 3000 1708 3063 in
1733 2986 1883 3091 spumam
1899 3017 1967 3070 ver«

552 3097 602 3164 ti*
669 3117 710 3168 rt.
734 3095 844 3163 Tertio
868 3095 982 3176 modo,
1007 3097 1098 3190 quod
1112 3095 1296 3184 deieffiones
1317 3098 1382 3166 ista
1396 3091 1512 3165 biliosa
1529 3096 1650 3161 srnctrae
1663 3094 1813 3162 dicantur
1829 3090 1875 3164 ab
1883 3098 1967 3195 Hip·

553 3216 705 3313 pectere,
728 3191 761 3265 id
782 3191 855 3264 sicit
876 3192 918 3263 ad
942 3187 1061 3290 spuma
1083 3189 1281 3263 stabilitatem
1306 3243 1314 3261 .
1347 3191 1436 3264 Nam
1460 3189 1628 3260 docuimus
1653 3209 1727 3258 ante
1759 3191 1794 3259 in
1816 3195 1964 3267 difflant

553 3316 682 3380 arpent,
705 3315 800 3362 omne
823 3291 975 3362 lintoeum
1000 3284 1095 3390 seipso
1118 3287 1241 3362 trallius
1264 3295 1355 3361 fierit
1390 3308 1449 3389 pto
1515 3313 1552 3360 ea
1581 3287 1684 3359 calore
1714 3284 1813 3357 febrili
1827 3295 1969 3384 ‘agitata

554 3389 718 3462 insincera
742 3388 932 3463 excernenda
954 3399 1085 3462 materia
1108 3392 1234 3490 poliunt
1257 3391 1354 3461 slatus
1377 3396 1411 3461 δι
1435 3309 1549 3487 spit‘irra
1572 3387 1717 3459 excitari.
1750 3385 1802 3457 nd
1830 3400 1967 3464 utrium

553 3501 618 3584 'prm
641 3486 852 3571 merdanus,
876 3511 917 3563 an
941 3508 1048 3585 quum
1072 3481 1094 3560 s
1106 3509 1222 3562 umant
1244 3487 1375 3581 dejectio
1397 3483 1504 3570 esi,a
1535 3509 1570 3558 ca
1594 3490 1635 3558 ite
1667 3489 1800 3557 materia
1822 3490 1859 3557 in
1891 3486 1966 3589 spu.

556 3609 641 3659 mam
666 3585 753 3660 verm
775 3583 936 3660 descendat
956 3612 994 3660 ut
1018 3615 1059 3660 cer
1084 3610 1115 3661 et
1141 3593 1295 3688 Hippocr.
1319 3588 1443 3689 Aphot.
1476 3612 1530 3675 30.
1556 3514 1612 3656 lib.
1636 3587 1685 3656 sie
1709 3588 1732 3655 fi
1757 3585 1818 3655 hoc
1850 3613 1964 3664 verum

556 3687 649 3763 risu,
665 3681 782 3757 biliosa
804 3685 868 3757 ista
891 3687 1076 3775 dejectiones
1108 3694 1143 3759 dt
1160 3691 1366 3782 sinceraeque
1385 3683 1536 3785 spumans
1553 3686 1820 3780 aliquidemicana
1835 3685 1965 3768 habent,

555 3782 587 3853 id
603 3800 622 3854 a
638 3787 739 3883 capite
757 3779 874 3855 habere
894 3781 1095 3858 viderentur·
1121 3786 1167 3858 At
1184 3786 1255 3856 talis
1271 3781 1382 3886 spuma
1397 3792 1432 3854 in
1450 3782 1597 3855 intestinis
1623 3787 1657 3853 δι
1687 3781 1809 3856 lumbis
1835 3789 1874 3857 lit
1897 3792 1964 3881 agi·

554 3900 641 3955 tante
655 3885 758 3954 calore
777 3875 921 3955 biliosaru
937 3886 1122 3957 mauriani·
1148 3883 1219 3956 Nee
1238 3882 1278 3955 ad
1295 3906 1393 3983 eaput
1419 3881 1491 3956 ferri
1516 3880 1628 3953 necesse
1649 3880 1693 3951 est
1718 3903 1759 3955 ut
1784 3878 1964 3983 spumolam

554 4005 701 4056 naturam
717 3989 882 4080 acquirat.
911 3985 1007 4055 Unde
1018 3988 1047 4055 -fi
1063 4008 1171 4061 vocem
1185 3975 1422 4071 amartetes,
1444 3986 1521 4080 quis
1545 3990 1770 4080 interpretetur
1791 3986 1966 4063 utComa-

555 4082 643 4158 titu,
669 4082 765 4159 idrll,
790 4104 829 4152 ut
852 4077 1023 4173 significet,
1048 4087 1161 4153 Mente
1176 4087 1348 4153 mutuata&
1362 4085 1584 4180 desipientem,
1609 4076 1740 4151 dabitur
1749 4080 1967 4152 oetafioelto-

553 4180 580 4245 ri
605 4177 807 4271 graviffimm
830 4197 870 4246 ut
894 4179 1049 4247 nimirum
1066 4182 1171 4248 credar
1188 4179 1466 4270 quittanciarum
1482 4179 1651 4248 humorem
1677 4172 1822 4250 biliosum
1843 4178 1964 4254 alum.

554 4272 673 4344 tionem
689 4278 801 4343 mentis
820 4274 1032 4351 effidiurum,
1065 4278 1101 4343 δε
1123 4297 1143 4343 a
1170 4277 1270 4370 capite
1294 4269 1471 4373 spuman
1497 4300 1649 4349 naturam
1673 4279 1807 4350 nauium
1836 4275 1962 4353 fuiffe.

555 4372 601 4444 At
623 4367 770 4445 Ceruarii
794 4374 1009 4468 interpretatio
1031 4366 1190 4470 expmtda
1213 4371 1272 4440 cst.
1298 4375 1426 4444 Accedit
1439 4373 1530 4470 quod
1554 4402 1610 4449 noc
1626 4403 1739 4452 verum
1754 4381 1886 4475 quidem
1904 4382 1962 4460 stt,

554 4469 578 4541 fi
602 4467 750 4570 spumant
772 4466 905 4560 depello
927 4467 1045 4551 uerit,
1070 4492 1090 4541 a
1113 4471 1214 4570 capite
1237 4472 1270 4544 id
1294 4470 1376 4544 else.
1400 4477 1505 4572 Qud
1539 4472 1584 4547 ab
1609 4482 1807 4576 Hippocrate
1820 4483 1961 4576 -qnidcm

552 4565 697 4649 diuum,
720 4565 770 4641 sed
788 4560 915 4642 confuse
939 4576 974 4641 &
997 4562 1136 4649 &bair-t
1157 4617 1170 4651 ι
1194 4579 1295 4644 utait
1318 4574 1396 4643 Gal..
1416 4578 1507 4647 Nam
1531 4582 1565 4648 dt
1590 4578 1685 4647 caulis
1710 4574 1830 4675 spuma
1849 4582 1883 4649 in
1906 4605 1960 4652 vc-

549 4691 625 4749 nas,
650 4674 684 4740 tt
708 4670 828 4742 citeum
847 4668 1059 4744 ventriculum
1082 4665 1361 4753 cmuurtnrtibus,
1385 4663 1535 4773 spumosa
1558 4679 1745 4746 excruiones
1763 4672 1888 4749 sursum
1905 4682 1959 4748 de-

549 4763 656 4839 orsum
672 4764 729 4839 else
743 4763 878 4867 poliunt,
901 4777 948 4841 ait
963 4766 1035 4841 Gai
1050 4773 1088 4839 ln
1114 4771 1231 4843 Colitis
1252 4767 1418 4844 dontibus
1438 4764 1485 4844 ab
1513 4778 1684 4869 agitatione
1707 4776 1961 4877 impulsioneque

550 4867 664 4951 flatus,
688 4888 900 4940 excernuntur
924 4865 1101 4969 spumamia
1126 4865 1256 4941 bubulo
1274 4870 1404 4942 ¹stercori
1429 4874 1558 4952 antiit,
1583 4880 1617 4947 &
1639 4877 1673 4943 in
1698 4899 1784 4971 aqua
1802 4884 1965 4955 natantia,

546 4986 687 5061 quuma
710 4972 810 5067 eapite
832 4969 866 5039 id
892 4993 956 5038 non
981 4968 1133 5067 pendeat,
1158 4968 1231 5041 Gal.
1249 4993 1317 5068 cap.
1334 4994 1360 5062 5.
1386 4966 1493 5040 liba.
1518 4976 1569 5045 De
1594 4975 1654 5044 loe.
1672 4977 1726 5046 aff.
1753 4977 1823 5048 Nec
1848 4972 1964 5072 spuma

1546 5120 1582 5138 ι·
1664 5108 1666 5112 ·
1805 5079 1917 5142 omnis
