4534 5850
638 468 877 544 natiuit.
902 466 1285 541 munientium.
1336 468 1412 540 ro.
1439 471 1474 542 r.
1661 503 1730 573 ²⁴³

371 618 397 697 ,ᾧ
417 617 595 690 audiendus
609 620 817 720 Hippocrates
842 644 908 717 par.
929 641 958 705 3.
979 611 1034 685 lib.
1056 638 1086 684 2.
1108 617 1224 708 Progn.
1245 610 1377 709 Quibus
1395 611 1437 688 ab
1454 623 1552 707 jecore
1569 619 1725 718 hydrops,
1749 629 1796 695 iis¹

369 761 395 793 ‚,
419 717 509 788 tussis
523 717 584 797 est,
606 726 641 789 dt
653 715 764 796 θυμὲ,
789 718 866 788 idest
881 722 985 787 inanis
999 718 1039 787 ad
1059 714 1251 794 tufficndum
1267 719 1423 786 incitatio.
1451 719 1631 810 Argutuius
1647 723 1692 788 ita
1710 748 1784 791 con-

368 815 508 885 cludet:
532 822 617 910 Ergo
633 818 688 886 iiia
711 815 797 886 tussis
824 837 1034 912 quocumque
1060 816 1095 881 in
1117 833 1258 908 tempore
1277 815 1420 883 inciderit
1444 816 1566 885 malum
1593 821 1752 914 portendit
1769 848 1798 892 -.·,

373 914 549 993 l‘raetmm,
571 923 674 984 omnis
691 915 831 1014 hydrops
849 910 891 984 ab
911 916 1042 1008 hepate,
1067 913 1145 1006 quia
1162 910 1268 979 nuilus
1284 912 1422 1008 hydrops
1440 918 1497 1007 qui
1513 919 1669 1008 originem
1690 912 1780 989 suam

371 1007 415 1080 ab
430 1012 545 1110 Jiepate
578 1039 641 1083 non
664 1034 789 1112 repetat
813 1035 986 1105 tamquam
1011 1035 1030 1079 a
1050 1013 1190 1107 principe
1214 1006 1433 1087 daiuuidcmc,
1466 1019 1501 1080 in
1525 1023 1614 1104 cujus
1637 1015 1783 1098 rii’oirru.

369 1104 447 1192 xia,
471 1111 619 1209 hydropis
631 1132 747 1182 natum
767 1119 801 1183 &
817 1117 901 1180 ratio
918 1112 1069 1180 vertitur:
1094 1109 1124 1178 Si
1139 1110 1240 1175 omnis
1256 1101 1297 1177 ab
1312 1108 1423 1206 hepate
1437 1109 1577 1207 hydrops
1591 1113 1780 1211 principium

367 1203 524 1290 accersat,
547 1217 650 1281 omnis
663 1217 813 1280 comitem
827 1203 956 1278 habebit
974 1207 1109 1284 tuffim,
1134 1209 1242 1278 sivere
1259 1207 1338 1275 dixit
1357 1211 1587 1305 Hippocrates.
1614 1212 1779 1285 Neutrum

367 1306 454 1374 vaiet
473 1308 614 1404 siar'eque
631 1307 755 1404 potest:
790 1311 880 1378 Nam
897 1314 931 1376 δι
950 1331 1015 1375 non
1034 1305 1146 1376 necesse
1163 1309 1251 1374 omiti
1270 1307 1405 1404 hydropi
1433 1309 1618 1381 advocatam
1645 1311 1700 1378 csse
1726 1337 1780 1380 co-

364 1400 540 1500 mitemque
556 1405 684 1481 russim,
710 1409 829 1476 rameth
849 1409 986 1475 inomni
1005 1399 1221 1501 hyposarcidio
1236 1425 1293 1474 aut
1313 1413 1517 1504 tympanite,
1542 1427 1599 1477 aut
1617 1401 1707 1476 ascite
1726 1412 1781 1478 he-

364 1505 601 1599 pernecessarie
618 1500 778 1575 laborare:
805 1507 874 1575 Nec
888 1508 964 1574 item
987 1502 1140 1574 necessum
1162 1519 1289 1574 omnem
1306 1529 1379 1599 quae
1399 1505 1539 1604 hydropi
1562 1507 1691 1577 advenit
1711 1503 1785 1577 tus--

364 1601 444 1680 iim,
468 1623 506 1673 ut
521 1606 645 1674 maium
659 1604 716 1672 eise
732 1604 876 1695 signum.
902 1605 990 1674 Nam
1005 1626 1110 1696 quum
1130 1606 1338 1701 Hippocrates
1355 1599 1548 1702 hydropiab
1564 1605 1679 1700 hepate
1698 1625 1775 1677 nato

362 1707 514 1770 comitem
530 1702 639 1771 tussim
657 1701 812 1794 assignat,
844 1703 883 1772 de
911 1705 1107 1794 generatione
1122 1703 1273 1798 hydropis
1292 1697 1454 1770 in-morbo
1476 1723 1574 1772 acuto
1592 1727 1663 1773 nem
1721 1707 1779 1776 he-

360 1803 443 1891 patis
455 1798 707 1869 inflammatione
722 1806 843 1868 mentio
858 1797 940 1874 fasir
954 1797 998 1868 esi
1016 1817 1025 1858 τ
1050 1800 1120 1867 Illic
1140 1819 1245 1867 autem
1262 1794 1307 1867 ob
1322 1799 1547 1896 phlegmonem
1566 1822 1622 1870 aut
1639 1729 1776 1897 phsogo-

364 1895 411 1961 sni
427 1896 546 1992 hepatis
563 1905 685 1966 ratione
707 1901 798 1969 vicini
816 1898 1065 1995 diaphragmatis
1090 1890 1300 1965 transumitur
1324 1893 1427 1967 serum
1452 1903 1486 1967 &
1512 1898 1601 1969 ichor
1626 1905 1702 1970 acris
1717 1908 1779 1994 qui

367 1991 533 2063 stimulum
556 1995 701 2065 tussiendi
729 2000 863 2066 afferat.
897 2000 940 2067 Et
956 1998 1022 2065 haec
1053 1993 1142 2065 ciffis
1164 1996 1264 2067 veluti
1290 1995 1543 2075 aaaeyioimuno'i
1566 1996 1609 2066 est
1630 1998 1781 2097 hydropis

360 2084 406 2158 ah
427 2091 537 2189 hepate
551 2099 616 2166 nati
635 2099 804 2192 primario,
828 2119 883 2193 per
901 2090 949 2175 sc,
975 2120 1038 2164 non
1054 2116 1163 2164 aurem
1180 2089 1380 2179 secundario,
1407 2098 1619 2212 Hippocrates
1639 2101 1723 2167 enim
1737 2101 1777 2168 li-

361 2181 425 2256 bro
441 2194 555 2260 eodem·
569 2193 731 2287 Prognost.
755 2196 881 2264 alterius
897 2196 1048 2290 hydropis
1063 2197 1220 2287 originem
1237 2197 1345 2291 repetit
1367 2189 1419 2258 hin*
1433 2195 1588 2269 unorum
1605 2247 1613 2263 .
1639 2197 1693 2274 llic
1717 2221 1776 2265 au-

360 2306 426 2354 tern
447 2291 584 2388 hydrops
599 2316 664 2359 non
678 2293 802 2359 accersit
821 2292 946 2362 tuiiim.
971 2295 1051 2362 Non
1072 2299 1154 2385 quin
1170 2318 1192 2359 o
1236 2311 1314 2360 rteat
1333 2337 1345 2370 ,
1369 2309 1549 2383 antequam.
1561 2287 1700 2367 morbus
1718 2296 1778 2385 hy·

358 2386 499 2484 dropum
512 2386 663 2461 centuria
678 2385 903 2469 adscribatur,
928 2390 1025 2486 hepar
1043 2387 1147 2458 affici:
1175 2318 1235 2458 ἐς
1242 2391 1330 2458 aliud
1345 2385 1387 2455 esi
1403 2411 1459 2484 per
1481 2384 1510 2456 se
1529 2395 1563 2458 &
1578 2393 1684 2488 primo
1699 2393 1775 2462 affi-

358 2487 384 2552 ce'
394 2531 405 2560 ,
429 2486 517 2554 aliud
534 2483 687 2556 secundo.
715 2491 804 2581 Qid
820 2491 841 2556 fi
855 2490 997 2559 dicamus
1013 2481 1133 2556 εὶς-111).-
1150 2484 1346 2564 areimis,
1372 2489 1407 2554 &
1423 2480 1491 2552 mei
1500 2480 1579 2551 ra'coi
1589 2536 1600 2566 ,
1624 2489 1697 2558 lieni
1713 2491 1772 2582 hy.

356 2584 487 2678 dropem
502 2608 665 2684 acceptum
687 2584 790 2655 referri
808 2608 976 2681 tamquam
997 2587 1123 2656 auetori
1140 2589 1313 2682 primario?
1340 2585 1399 2655 sed
1410 2584 1486 2662 ,htec
1503 2609 1567 2655 non
1584 2580 1657 2656 sunt
1676 2591 1773 2680 hujus

354 2683 415 2750 loci
430 2705 534 2778 neque
553 2685 685 2754 instituti
703 2737 712 2751 .
742 2688 791 2755 Ut
806 2707 913 2756 aurem
929 2685 1056 2778 longius
1072 2710 1139 2753 non
1153 2702 1306 2777 evagetur
1333 2685 1437 2752 oratio
1463 2680 1566 2751 nostra
1586 2733 1598 2764 ,
1630 2686 1773 2756 dicemus

357 2777 510 2852 trihriam
527 2783 633 2856 tussim
649 2785 782 2853 incidere
797 2785 890 2881 posse
912 2789 945 2852 in
959 2785 1074 2874 ¹hydro
1115 2809 1176 2862 m,
1207 2803 1265 2852 aut
1294 2801 1461 2877 tamquam
1487 2785 1770 2868 reservamini»,
1854 2841 1860 2850 .

357 2878 368 2963 (
388 2873 494 2949 sumto
510 2886 638 2952 nomine
654 2882 875 2980 pauiioiatius
892 2902 930 2951 ut
945 2807 1149 2954 arctioribus
1172 2906 1288 2954 vocum
1312 2874 1492 2977 aucupibus
1507 2883 1651 2974 iniquitis
1664 2879 1771 2956 obser-

355 2978 453 3050 vandi
468 2984 586 3050 occasio
599 2984 780 3062 adimatur,
804 2987 958 3078 quoniam
975 3004 1033 3051 nos
1048 2981 1142 3063 huius
1158 2980 1203 3047 rei
1222 2983 1387 3075 primarios
1404 2979 1547 3047 auctores
1563 2982 1701 3052 clarioris
1712 2987 1771 3054 do·

354 3072 462 3147 &rina
486 3085 590 3172 gratia
616 3084 830 3179 profitemur)
856 3100 894 3153 ut
908 3079 952 3151 est
971 3080 1025 3150 iila
1041 3076 1126 3150 tuffis
1143 3099 1244 3172 quam
1261 3080 1406 3145 comitem
1421 3075 1478 3144 etse
1493 3076 1644 3174 hydropis
1662 3076 1771 3151 abin-

354 3177 520 3247 flammato
533 3180 646 3279 hepate
664 3186 729 3251 nati
748 3182 902 3251 diximus:
930 3186 998 3251 Aut
1016 3198 1185 3272 tamquam
1201 3192 1371 3244 commune
1391 3169 1589 3269 symptoma,
1612 3180 1703 3270 qu'od
1723 3187 1773 3247 ni-

354 3283 472 3346 mirum
501 3273 754 3364 φόφασιιφανερὼ
776 3277 917 3374 agnoscit
936 3327 948 3357 ,
978 3298 1035 3347 aut
1048 3276 1279 3350 distillationem
1298 3293 1426 3343 tenuem
1441 3295 1461 3341 a
1476 3274 1608 3368 capite,
1643 3295 1698 3346 aut
1724 3300 1773 3347 re.

355 3359 619 3466 srigcrationem,
650 3398 688 3443 ut
712 3378 735 3442 si
760 3380 952 3472 hydropicus
971 3371 1101 3444 subdio
1123 3376 1332 3443 dormiverit:
1368 3375 1439 3450 Aut
1455 3372 1564 3438 incidit
1581 3371 1666 3442 tussis
1686 3395 1770 3446 tam·

353 3493 455 3563 quam
474 3467 570 3544 arabs
601 3472 722 3543 distata
742 3470 922 3552 rinadium,
947 3475 1069 3541 ratione
1085 3464 1192 3540 morbi
1208 3470 1367 3538 deterioris
1385 3469 1548 3537 redditi&
1567 3474 1647 3540 vires
1662 3476 1771 3542 nauci·-

349 3565 462 3641 stentis
476 3577 632 3656 majores.
663 3574 754 3666 .ch
773 3579 883 3641 omitia
900 3596 940 3642 co
952 3570 1094 3643 ¹consilio·
1113 3570 1325 3668 produximus
1346 3571 1380 3636 δι
1401 3567 1627 3649 dilatavimus,
1662 3590 1707 3639 ut*
1724 3595 1772 3641 re-

352 3685 428 3738 rum
445 3666 658 3738 diffliiceiones
674 3674 784 3766 potius
800 3678 901 3764 quam
918 3674 1055 3740 minutas
1069 3674 1211 3762 argutias
1232 3662 1480 3760 consequamur.
1508 3668 1589 3735 Sunt
1604 3671 1665 3761 qui
1682 3672 1771 3767 apud

347 3769 396 3838 Hi
482 3788 580 3836 ratem
592 3762 729 3839 verbum
753 3767 941 3848 thiyi'rcaiu,
967 3770 1085 3839 malam
1096 3776 1129 3835 in
1144 3785 1265 3864 partem
1278 3770 1376 3863 accipi
1387 3758 1505 3862 semper
1519 3765 1635 3835 velint.
1663 3772 1768 3862 Qiod

345 3792 513 3965 probhbile
533 3866 590 3935 eise
607 3868 770 3937 videturfi
795 3863 959 3985 descriptio
974 3871 1224 3963 significatioque
1247 3867 1342 3962 ipsus
1366 3858 1453 3936 verbi
1474 3865 1631 3943 limetur,
1665 3873 1698 3937 &
1725 3871 1766 3937 ad

348 3987 494 4058 unguem
502 3968 713 4059 exquiratur:
736 3989 810 4035 nam
825 3967 865 4036 ad
882 3967 997 4045 avirra
1018 3960 1121 4038 morbi
1141 3962 1283 4059 sequitur
1300 3991 1315 4039 ιἸ
1341 3988 1411 4057 quo
1436 3982 1543 4032 autem
1564 3968 1665 4048 major
1682 3990 1767 4034 mor-

349 4057 690 4158 insuetumque-‚eo
704 4070 792 4164 peius
810 4067 943 4158 dcaegtis
957 4086 1115 4137 meretur.
1143 4068 1207 4134 His
1221 4062 1380 4142 assentitur
1395 4061 1511 4131 aucior
1524 4054 1598 4129 iibri
1622 4058 1688 4130 acci
1701 4086 1766 4129 aa.

347 4193 379 4247 a
393 4162 467 4242 aa,
492 4160 670 4233 de-morbis
685 4166 837 4260 loqueirs:
862 4168 1014 4260 Qioties,
1027 4169 1104 4245 a'it,
1129 4157 1354 4233 morbusunus
1374 4162 1465 4230 alteri
1484 4154 1662 4257 supervenit
1677 4165 1765 4246 (uti.

345 4280 447 4342 ,amr
458 4256 558 4334 uerbo
582 4256 765 4347 moliebar)
791 4266 1023 4360 utplurimum
1041 4268 1201 4336 hominem
1218 4282 1333 4331 necat.
1368 4261 1457 4330 Nam
1477 4282 1580 4353 quum
1605 4283 1691 4352 aegro
1711 4264 1766 4347 de,

345 4355 658 4453 biiaacofiattoque
673 4357 788 4431 inorbo
804 4358 938 4432 morbus
961 4358 1131 4441 sirasirim,
1155 4365 1236 4460 perit
1250 4354 1439 4460 priusquam
1456 4363 1543 4456 prior
1560 4354 1693 4431 morbus
1711 4363 1765 4432 de⁴

345 4463 441 4531 snat:
466 4465 538 4532 Hoc
559 4459 685 4530 exioco
701 4480 789 4556 pater
804 4482 947 4558 oportere
962 4465 1098 4556 priorem
1118 4457 1268 4530 morbum
1279 4474 1435 4530 remanere
1455 4478 1492 4527 ut
1509 4458 1561 4528 vel
1579 4459 1661 4528 alius
1678 4484 1764 4528 mor-

345 4553 426 4635 bus,
451 4562 497 4630 vti
514 4557 725 4657 symptomata
741 4568 870 4655 proprie
884 4563 1034 4630 dicantur¹
1052 4552 1216 4634 θιγιίσᾶαι
1233 4599 1255 4624 .-
1274 4561 1352 4626 Hac
1370 4560 1458 4628 enim
1479 4562 1526 4626 vis
1543 4554 1587 4623 est
1614 4555 1645 4619 ni
1654 4564 1765 4644 [hym.

345 4653 466 4731 iimwsi
489 4679 605 4727 utnon
622 4652 837 4727 confundatur
853 4653 1006 4734 mystica
1021 4665 1046 4740 i,
1062 4649 1258 4733 σύμπτωμα,
1283 4656 1343 4724 alia
1367 4675 1463 4748 atque
1486 4656 1546 4724 alia
1572 4653 1615 4723 est
1641 4654 1760 4732 horum

344 4758 448 4828 ratio,
474 4763 673 4851 quamquam
682 4762 789 4857 primo
805 4756 897 4852 quasi
912 4750 1031 4824 obtutu
1045 4752 1154 4822 eadem
1167 4753 1336 4826 videntur.
1360 4744 1570 4837 hairohaldus
1583 4756 1666 4840 enim
1683 4749 1761 4823 sitm<

344 4853 526 4955 perincidit
542 4859 662 4925 ratione
677 4852 909 4935 auctionis,
930 4879 999 4928 non.
1011 4855 1124 4949 quovis
1142 4871 1284 4951 tempore
1300 4876 1355 4923 nec
1374 4856 1488 4947 quovis
1508 4854 1626 4930 modo,
1648 4871 1688 4937 ut
1704 4876 1757 4919 cx-

340 4957 440 5059 piicat
457 4953 692 5024 Cosconia
709 4957 829 5055 Aphor.
857 4957 909 5046 58.
924 4948 982 5027 lib.
1008 4969 1037 5045 ς.
1061 4954 1140 5026 dum
1165 4960 1322 5026 rationem
1348 4952 1449 5021 reddit
1477 4974 1533 5026 cur
1558 4952 1761 5028 inflammato¹

399 5093 420 5112 ι.
442 5053 696 5149 Bashrriwper.
722 5058 886 5126 Tamusl.
1291 5052 1325 5119 Ο
1381 5073 1395 5136 3
1597 5046 1710 5138 hepati
