4534 5850
584 502 652 571 ¹34
824 469 1663 547 EPIDEM.10R.UM

527 631 634 700 canda
651 634 944 703 venae'ocoasionem
967 622 1124 732 cepimus.
1152 635 1237 702 Idem
1255 635 1287 702 in
1313 625 1483 704 Damiklla
1507 629 1602 698 dela
1629 624 1745 694 Mothe
1773 625 1958 722 prestitera-

528 744 621 801 mus;
646 732 784 821 *Sanguis
797 732 843 798 iili
868 732 1027 803 detrasius
1052 735 1146 804 valde
1162 729 1353 802 laudabilis.
1366 731 1558 825 ‘Quomodo
1583 729 1616 795 id
1641 728 1776 820 contigit
1803 743 1814 794 ³
1842 731 1958 799 Domi-

528 850 588 896 nus
603 829 766 898 i'fernelius
790 830 886 919 hujus
902 840 1075 921 ..rationem
1098 836 1156 901 rei'
1172 833 1296 909 reddit,
1321 854 1375 901 nec
1400 854 1464 897 non
1497 852 1550 896 cos
1574 825 1722 917 sugillat,
1746 834 1804 919 qni
1838 825 1957 899 talibus

424 917 454 981 3·
528 930 626 996 urinis
651 923 813 1023 inspeetis,
839 930 911 998 hinc
935 951 1062 1030 captant
1079 925 1338 1029 phlebotomandi
1355 922 1562 999 occasionem.
1591 928 1744 995 Rationes
1768 922 1842 994 istas
1867 929 1956 1022 lege,

528 1029 681 1121 qnoniam
698 1050 735 1094 ea
758 1029 798 1095 de
823 1051 855 1096 re
872 1023 948 1128 sape
964 1025 1172 1126 disceptatur.

365 1139 390 1191 ι’
392 1154 507 1191 aaaaaaa
579 1127 822 1194 DeParacentesi
844 1128 922 1195 illud
941 1124 1084 1199 notabile
1105 1130 1247 1199 (Potest'
1259 1127 1346 1198 facile
1366 1125 1573 1196 administrati
1593 1174 1601 1192 .
1627 1124 1687 1194 Sed
1705 1125 1835 1195 audioa
1870 1133 1951 1199 viris

360 1211 506 1373 ptssLi-‘rr
531 1224 592 1294 fide
607 1225 711 1317 dignis
726 1227 807 1320 quid
825 1228 857 1293 id
882 1250 1000 1319 genus,
1024 1225 1203 1298 admiseris
1227 1223 1415 1297 mortalibus
1449 1226 1706 1324 opitulandum,
1733 1225 1861 1294 remedii
1888 1253 1953 1295 non

382 1319 409 1354 ⁶'
529 1323 758 1421 repudiarunt'‚
783 1327 1012 1422 periculumex
1030 1353 1150 1397 eonon
1175 1318 1279 1422 sequi,
1303 1329 1394 1422 quod
1411 1328 1469 1397 fiat
1488 1324 1600 1402 sectio,
1626 1348 1681 1394 not
1728 1326 1795 1393 uod
1821 1348 1953 1398 evacue-

367 1385 482 1450 Μ’·
528 1442 584 1492 tur
600 1448 684 1518 aqua
707 1412 827 1514 samiosa
837 1474 849 1508 ,
874 1448 929 1496 aut
948 1429 1037 1522 quod
1064 1423 1171 1496 rursus
1197 1423 1363 1497 succrescat
1381 1449 1488 1511 novus
1520 1427 1667 1503 liumor3
1700 1349 1747 1494 sed
1774 1426 1862 1521 quod
1886 1450 1951 1521 qua

527 1543 616 1619 parte
643 1518 736 1592 festio
752 1521 838 1593 facta
856 1525 916 1603 est,
941 1530 1101 1626 erysipelas
1126 1524 1215 1597 facile
1233 1534 1266 1596 &
1285 1525 1463 1621 frequenter
1476 1521 1686 1619 consequatur
1700 1516 1948 1618 oboriatuique.

531 1623 655 1693 Deinde
676 1645 701 1693 e.
718 1622 848 1716 vestigio
863 1620 1008 1718 sequitur
1026 1649 1215 1723 gangraena,
1240 1633 1274 1695 &
1299 1621 1478 1722 splineelus.
1503 1626 1575 1693 Cur
1588 1629 1644 1695 ita
1669 1625 1730 1693 hoc
1753 1624 1875 1693 malum
1892 1624 1952 1714 gli-

491 1738 495 1747 *
529 1708 594 1788 scat
618 1726 651 1788 &
677 1718 854 1804 adcrescat,
879 1746 1044 1817 nequeunt
1063 1733 1218 1796 rationem
1244 1728 1386 1800 reddere,
1411 1722 1468 1791 nili
1486 1725 1574 1816 quod
1599 1723 1670 1792 loco
1690 1743 1845 1797 evacuatae
1860 1747 1950 1814 aquae

529 1819 628 1886 flatus
650 1814 750 1887 neseio
774 1828 848 1913 quis
871 1824 1031 1917 malignus
1057 1819 1186 1917 surgat,
1210 1831 1245 1894 δι
1269 1825 1359 1919 quod
1376 1816 1507 1895 occmsu
1527 1821 1635 1917 frigidi
1651 1820 1819 1899 intestina,
1843 1842 1945 1891 vetere

529 1917 665 1989 colluvie
688 1919 835 1989 delebiari
860 1914 972 1999 solita.
994 1918 1083 1991 facile
1109 1918 1300 2016 nigrescant.
1345 1912 1351 1921 ’
1383 1974 1386 1981 .
1646 1997 1650 2001 ,
1689 2000 1693 2005 ,

579 2020 665 2108 Quis
683 2018 816 2098 credat,
847 2022 936 2111 quod
961 2024 1056 2090 etiam
1076 2025 1205 2093 minima
1224 2046 1304 2091 aura
1329 2040 1433 2090 tantos
1456 2022 1577 2091 dolores
1600 2022 1722 2115 corpori
1749 2019 1886 2094 afferat,
1913 2023 1949 2086 dt

365 2158 453 2223 -Am
529 2115 613 2184 mala
626 2135 693 2184 tarn
711 2111 936 2185 formidolosa?
964 2122 1141 2215 Numquid
1166 2123 1246 2222 illud
1262 2123 1408 2193 videmus
1423 2129 1458 2197 in
1480 2122 1550 2219 ipfis
1566 2121 1699 2216 plantis,
1723 2139 1950 2208 quatumeor-

370 2246 496 2318 „ng
526 2236 588 2310 pus
604 2215 739 2284 validius
762 2213 805 2283 est
820 2214 930 2284 nostris
954 2216 1160 2315 corporibus,
1185 2216 1334 2291 afflatum
1356 2222 1440 2290 aurai
1462 2216 1561 2290 n'escio
1584 2224 1674 2304 cujus
1694 2263 1705 2294 ,
1728 2215 1948 2283 siderationem

366 2333 461 2393 vires.
527 2314 769 2397 decentiorem,
794 2320 828 2382 δι
846 2316 1076 2396 calamitatem,
1102 2326 1136 2388 &
1151 2320 1447 2407 ustionem-afferre?
1474 2323 1547 2390 Hoc
1560 2320 1648 2396 dico,
1672 2315 1825 2408 quoiiiam
1846 2315 1877 2381 id
1896 2309 1950 2381 sa-

420 2407 448 2453 .·.
592 2406 734 2480 inusuin
750 2415 855 2484 venite
880 2414 996 2511 potest.
1024 2420 1065 2487 Et
1081 2423 1172 2490 uteri
1197 2423 1233 2489 iis
1257 2415 1377 2490 discant
1399 2422 1538 2509 judicare
1560 2418 1602 2486 de
1618 2409 1764 2489 morbis,
1788 2410 1847 2505 qui
1873 2414 1946 2481 nul-

527 2432 568 2582 p:
584 2504 688 2579 mo'rbi
712 2504 803 2580 causa
828 2535 1019 2595 moventur,
1044 2520 1151 2589 nisiea
1177 2521 1214 2587 fit
1231 2522 1374 2596 evidens,
1400 2525 1434 2587 δι
1460 2540 1541 2614 pene
1564 2511 1687 2585 sensum
1707 2507 1809 2611 ipsum
1825 2507 1945 2580 feriat.

527 2632 537 2661 ‹
578 2614 693 2678 Errant
707 2617 767 2703 qui
791 2617 826 2677 in
840 2613 943 2683 'fluxu
959 2618 1112 2686 mensium
1128 2619 1301 2685 immodico
1314 2609 1581 2709 adstringentibns
1599 2660 1609 2691 ,
1634 2621 1670 2682 de
1694 2605 1946 2704 refrigerantibus

414 2710 450 2774 4·
529 2700 657 2778 abunde
674 2727 837 2800 utuntur,
861 2710 895 2781 δι
921 2716 1079 2814 applicant
1098 2719 1221 2788 ventri.
1246 2718 1338 2787 Nam
1356 2718 1496 2811 primum
1514 2716 1739 2810 non-pervenit
1763 2733 1874 2781 eorum
1897 2717 1946 2779 vis

527 2807 568 2877 ad
594 2810 760 2878 iiiie'tiora.
785 2811 934 2883 Calorem
960 2816 1105 2913 pellendo
1131 2818 1217 2886 intro
1241 2840 1314 2886 eum
1330 2819 1480 2907 cogunt.
1506 2815 1556 2883 Sic
1579 2813 1713 2882 calidior
1737 2807 1861 2905 sanguis
1883 2810 1946 2879 iiu-

526 2910 583 3010 xui
607 2910 748 3006 pai-atior
770 2907 919 2983 est.''Hic
943 2915 1105 3010 interdum·
1127 2916 1425 3013 valent‘digerentia
1444 2919 1481 2986 &
1505 2909 1773 3007 metasyncritica.

529 3025 539 3091 ¹,
574 3010 673 3078 ¹Filius
687 3005 866 3083 Damisellae
881 3015 923 3082 'de
948 3017 1115 3085 Mommot
1147 3012 1262 3087 habuit
1284 3017 1409 3111 aliquid
1434 3009 1602 3086 notabile.
1630 3011 1734 3082 Dolor
1750 3011 1854 3080 lateris
1877 3008 1948 3105 post

527 3108 721 3180 uehementes
734 3118 986 3193 exercitationes,
1011 3123 1045 3185 δι
1061 3140 1192 3214 corpore
1218 3119 1419 3215 plethorico.
1446 3113 1534 3181 &eei
1553 3134 1659 3181 vena.
1695 3101 1791 3176 febre
1816 3109 1912 3177 aneia
1936 3155 1947 3187 ,

526 3208 562 3275 dt
579 3205 785 3296 exacerbata,
810 3209 932 3283 summa
956 3236 1022 3284 erat
1046 3214 1215 3284 difficultas
1233 3210 1384 3311 spirandi.
1414 3211 1464 3278 Ad
1490 3209 1603 3274 nothas
1626 3227 1707 3303 pene
1730 3204 1831 3271 costas
1848 3209 1947 3276 dolor

523 3323 613 3376 erat.
640 3309 908 3409 peripneumonia
922 3334 1022 3398 metns
1044 3332 1129 3386 erat.
1156 3313 1225 3384 Nec
1240 3313 1295 3380 nisi
1318 3307 1379 3380 fere
1403 3305 1506 3377 etesia
1521 3306 1637 3376 cervice
1661 3299 1773 3399 spirate
1797 3322 1947 3397 poterat.

435 3465 446 3492 .
525 3400 631 3495 Febris
646 3408 834 3526 paroxymio
853 3414 1044 3499 inclinante(
1069 3437 1146 3485 nam
1162 3406 1342 3485 remittebat
1360 3459 1370 3488 ‚
1396 3434 1460 3477 non
1485 3398 1714 3496 ,intermittebat
1732 3404 1742 3485 )
1767 3400 1947 3471 difficultas

415 3493 449 3513 ⁰
561 3507 572 3522 ‘
606 3508 659 3578 ndi
676 3507 899 3592 minuebatur,
924 3517 958 3583 dt
972 3516 1065 3585 dolor
1093 3515 1227 3587 latetis.
1254 3514 1305 3584 Sic
1321 3506 1414 3581 febris
1437 3525 1505 3576 erat
1526 3501 1818 3595 essentialis'potius
1842 3523 1943 3593 quam

562 3607 567 3615 ⁴
590 3611 779 3702 ptumalica.
807 3612 888 3678 Non
903 3631 969 3677 tam
984 3610 1119 3699 juvabat
1136 3610 1231 3679 festio
1244 3619 1350 3683 rme,
1374 3629 1474 3698 quam
1493 3604 1659 3694 purgatio.
1687 3599 1795 3667 Natus
1818 3595 1863 3665 est
1888 3622 1944 3695 pa-

391 3753 397 3767 .
523 3718 572 3768 tre
588 3705 751 3797 hepatico,
776 3707 811 3769 &
826 3705 945 3795 aliquid
966 3705 1062 3773 habet
1087 3727 1193 3774 revera
1228 3698 1389 3777 συγγενίς.
1425 3694 1624 3767 Verebamur
1648 3698 1687 3765 de
1714 3696 1881 3793 pleuritide
1902 3719 1940 3766 eii

360 3750 464 3895 2⁸?ss
524 3793 616 3865 dorso
634 3847 643 3864 .
666 3798 746 3881 Nori
766 3817 834 3865 erat
857 3820 982 3866 tamen.
1008 3803 1097 3869 Nam
1111 3801 1182 3868 talis
1206 3800 1345 3894 pleuritis
1370 3799 1561 3895 Hippocrati
1585 3798 1674 3864 crisin
1692 3792 1790 3864 habet
1803 3818 1860 3893 per
1874 3801 1940 3863 uri-

404 3861 419 3898 r
486 3878 495 3897 ⁸
522 3917 594 3966 nas:
616 3898 644 3965 is
661 3919 743 3969 vero
759 3900 866 3997 potius
889 3920 945 3995 per
967 3899 1105 3967 alvum.
1133 3902 1174 3967 Et
1197 3891 1388 3984 carebamus
1413 3917 1453 3964 ne
1476 3911 1613 3965 errorem
1637 3899 1904 3964 committeremus
1927 3941 1939 3964 .

438 4076 441 4082 ,
523 3995 614 4067 Nam
630 3992 722 4096 sputa
736 4016 825 4079 erant
841 3991 965 4066 biliosa.
988 3991 1123 4067 Talibus
1148 3991 1373 4097 apparentibus
1398 3999 1607 4095 Hippocrates
1623 4016 1714 4068 cavet
1730 4019 1770 4065 ne
1791 3987 1937 4064 deorsum

406 4074 448 4144 5⁰
522 4116 709 4192 purgemus.
736 4101 811 4167 Hoc
824 4119 864 4164 an
881 4120 993 4168 verum
1008 4098 1144 4180 videto.
1172 4101 1287 4191 ingens
1304 4096 1481 4185 humorum
1498 4097 1647 4166 colluvies
1671 4091 1836 4164 deturbem
1860 4091 1904 4159 est
1927 4112 1943 4157 .“

521 4195 565 4263 Et
573 4195 735 4288 prudentis
753 4194 870 4263 Medici
884 4194 927 4262 est
943 4202 978 4263 in
1001 4191 1115 4267 talibus
1130 4196 1258 4274 videre,
1282 4220 1364 4265 num
1437 4202 1486 4264 'us
1511 4195 1736 4292 purgandum(
1748 4192 1839 4290 quod
1864 4186 1938 4260 iacit

449 4301 452 4310 '
522 4288 567 4357 D.
594 4294 735 4383 Magnus
760 4292 922 4381 Medicus)
946 4314 1064 4364 utnon
1081 4318 1148 4366 tam
1172 4290 1340 4364 liberaliter
1359 4215 1541 4389 sapriguiiiem
1566 4298 1749 4364 mittamus.

359 4427 438 4492 m
474 4458 484 4475 ,
570 4383 698 4459 Nobilis
720 4392 782 4459 viri
803 4390 924 4460 Petroti
949 4389 1079 4464 morbus
1105 4395 1282 4464 notandus.
1311 4395 1413 4463 Dolor
1428 4393 1576 4492 pesloris.
1595 4398 1706 4465 Rauca
1719 4416 1780 4466 vox
1799 4393 1836 4458 δι
1850 4381 1937 4456 sum-

358 4444 499 4577 15353„
521 4485 608 4559 milla
615 4535 627 4567 ‚
650 4514 714 4557 non
724 4470 843 4560 libera.
871 4492 1052 4563 Difficultas
1070 4489 1206 4593 spirandi
1230 4544 1238 4562 .
1264 4494 1369 4563 Tullis
1384 4492 1488 4563 nulla.
1514 4489 1619 4563 Febris
1646 4513 1704 4564 aut
1728 4489 1842 4565 nulla,
1879 4506 1937 4556 aut

355 4597 438 4673 som
520 4592 654 4690 exigua.
680 4591 823 4687 Repente
837 4594 938 4679 ,intus
971 4589 1054 4663 foras
1083 4615 1193 4665 tumor
1216 4599 1364 4693 apparuit
1386 4597 1418 4662 in
1443 4592 1504 4661 osse
1536 4590 1656 4662 sterni.
1692 4588 1937 4687 Erysipelatodes

355 4686 482 4757 Mirr·
520 4690 618 4792 qnid.
645 4688 806 4759 Audacter
820 4692 978 4763 &aradus
1003 4689 1142 4787 sairiguis,
1165 4696 1257 4789 quod
1270 4686 1605 4791 latentis-phlogostos
1629 4694 1724 4787 (quae
1756 4690 1938 4758 inflamma-

357 4763 476 4878 ΜΨ·
520 4792 640 4859 tionem
655 4789 782 4858 tandem
801 4794 835 4858 in
855 4793 1009 4877 pulmone
1035 4793 1213 4893 peperisset)
1237 4790 1329 4878 nobis
1345 4813 1412 4862 erat
1438 4784 1593 4888 suspicio.
1618 4790 1810 4863 Conraluit.

386 4877 389 4888 ¹
423 4949 447 4976 .,,
469 4944 497 4962 ..
568 4888 758 4969 blandinus,
783 4895 818 4958 δι
841 4913 921 4982 aeger
937 4894 975 4960 ad
994 4895 1104 4989 templi
1127 4888 1262 4970 scalam,
1285 4883 1516 4962 diversabantur
1533 4894 1642 4987 capitis
1661 4891 1776 4958 dolooe
1799 4887 1937 4986 periodi-

516 4988 699 5065 eoi'Nulla
712 5006 779 5082 arte
793 4993 915 5063 occurri
933 4996 1087 5093 poterat)
1110 4993 1217 5065 lrnmo
1245 5002 1284 5083 ne
1317 4984 1483 5093 sudorifica
1508 4991 1565 5060 uni
1589 4986 1803 5087 prosuerunt.
1840 4989 1936 5103 §tatis

1491 5105 1495 5114 ¹
1783 5105 1890 5181 perio·
