4534 5850
601 492 646 554 24
744 471 1747 547 ,EPIDEM10RUM‘

377 608 411 741 {⁸
421 595 503 736 sfff‘
550 622 712 698 morbifica
726 625 966 701 excenrebatur:
980 631 1137 699 Tamensr
1151 653 1224 724 quae
1233 622 1689 703 excernerentursubstitissent,
1713 624 1851 696 deterius
1859 629 1971 703 adium

375 697 506 821 „23:25⁸
535 725 707 796 essetcum
720 732 828 820 aegns,
853 732 933 799 adeo
950 751 1024 824 quae
1036 723 1255 819 injiciebantur
1267 729 1415 799 alimenta
1431 731 1463 797 in
1487 747 1627 825 corpus,
1651 725 1756 793 statim
1787 751 1973 831 corrumpo·

376 842 489 918 qualis·
537 815 686 894 bantur.
714 827 794 895 Aliis
818 828 936 899 fluunt
949 831 1046 899 etiam
1059 830 1134 900 alvo
1148 828 1321 921 cardiogmi
1345 818 1564 897 remanebant.
1592 825 1671 895 Aliis
1688 824 1880 904 α’πρωρὲως
1908 837 1973 927 fln-

364 941 497 1018 *eunqae
548 925 596 991 xit
618 924 711 996 alvus
733 948 809 995 cum
829 933 941 997 mentis
965 929 1087 995 lechone
1112 932 1147 996 δι
1171 920 1328 998 comatosa
1351 920 1547 1024 dispositione
1571 943 1670 1018 atque
1684 917 1865 1004 evaserunt,
1891 930 1971 999 adeo

286 1081 291 1088 .
361 1021 496 1096 ''f“'m'
549 1039 665 1091 natura
687 1017 860 1113 juvabatur
883 1026 940 1096 ista
963 1028 1153 1103 excretum,
1178 1026 1249 1095 licet
1273 1021 1508 1124 symptomatica
1524 1021 1618 1093 foret:
1643 1025 1733 1093 Nam
1748 1027 1781 1091 in
1804 1023 1974 1122 pestilenti·

375 1104 492 1166 ''M''
551 1113 658 1190 bus&
683 1122 764 1191 male
787 1129 917 1194 moratis
934 1119 1055 1193 morbis
1086 1118 1334 1217 qualescumque
1357 1127 1546 1194 exsectiones
1570 1129 1716 1207 juvant:
1743 1125 1854 1192 Urina
1878 1127 1972 1197 nuliis

549 1236 640 1289 erant
654 1218 826 1301 flammea,
849 1219 901 1292 sed
925 1218 1032 1293 hitem
1058 1216 1133 1290 boni
1158 1241 1244 1292 eran
1262 1223 1397 1291 coloris.
1424 1223 1523 1318 Quod
1550 1213 1625 1288 boni
1649 1223 1727 1313 figni
1754 1224 1972 1294 rationemha-

552 1312 630 1401 bet,
654 1324 690 1389 dt
711 1315 820 1391 saltem
843 1324 885 1393 ad
909 1321 1142 1417 longitudinem
1166 1342 1321 1422 apparet,
1346 1324 1443 1391 utin
1468 1320 1635 1418 Epidemiis
1658 1320 1802 1391 Galenus
1826 1316 1970 1395 observa-

545 1436 600 1487 ·vrt
625 1469 633 1485 .
1475 1472 1479 1479 .
1558 1478 1560 1483 ,

600 1517 771 1587 Nonnullis
784 1523 903 1589 tametsi
927 1515 1026 1590 febres
1048 1521 1142 1592 essent
1165 1522 1322 1590 nontinuae
1348 1543 1403 1618 per
1417 1542 1520 1587 unum
1544 1519 1705 1589 diem-aut
1730 1520 1815 1588 duos
1831 1527 1969 1593 vacuitas

551 1609 645 1685 febris
665 1615 763 1686 adesse
788 1613 851 1687 visa
867 1617 935 1698 est,
959 1621 1049 1714 quod
1073 1641 1195 1691 novum
1215 1643 1280 1688 non
1305 1616 1363 1686 est:
1389 1620 1478 1689 Nam
1492 1622 1524 1684 in
1550 1619 1719 1714 Epidemiis
1736 1620 1871 1713 quidam
1886 1617 1967 1690 febre

374 1718 517 1792 assitunt
551 1716 699 1784 continua
712 1707 880 1786 laborabat
891 1765 902 1797 ,
927 1723 962 1787 &
983 1718 1099 1791 ottavo
1122 1718 1173 1786 dic
1195 1740 1216 1786 a
1239 1709 1323 1785 febre
1346 1721 1522 1786 immaurem
1542 1714 1627 1786 fuisse
1651 1720 1696 1786 ait
1727 1721 1936 1816 Hippocrates
1960 1747 1969 1799 ς

368 1797 517 1876 Μ’·Ῐ·
551 1819 586 1883 &
609 1812 717 1885 eodem
742 1814 813 1883 loeo
836 1840 1001 1913 praegnans
1024 1819 1138 1886 mulier
1161 1813 1281 1885 ass1dua
1304 1810 1389 1885 febre
1413 1809 1658 1912 occupabatur,
1684 1837 1739 1912 per
1763 1835 1827 1883 tres
1848 1819 1911 1888 dics
1928 1817 1969 1887 se-

374 1883 460 1960 m·
551 1908 608 1980 bre
629 1912 779 1992 vacavisse
794 1908 899 1983 scribit
922 1919 1155 2013 Hippocrates,
1179 1915 1348 1985 undecimo
1370 1917 1421 1985 die
1443 1909 1537 1983 febris
1561 1916 1684 2011 repetiit
1706 1918 1741 1981 δι
1758 1914 1894 2001 judicata
1913 1917 1971 1986 est:

553 2011 653 2103 Quod
678 2012 855 2081 notandum
878 2010 948 2091 est,
972 2036 1012 2080 ne
1035 2036 1088 2082 eos
1110 2014 1232 2086 evafisfe
1255 2011 1424 2092 existimes,
1448 2014 1535 2106 quod
1552 2007 1638 2080 febre
1657 2034 1766 2082 vacare
1786 2015 1967 2083 videantur.

435 2106 468 2180 42
508 2186 518 2193 ,
603 2108 795 2190 Eleusinum
817 2111 979 2207 Epidcmia
993 2107 1081 2179 fuisse
1104 2115 1138 2179 in
1163 2113 1267 2207 pueris
1290 2113 1457 2179 diximus:
1486 2113 1600 2180 Unum
1620 2113 1814 2190 notavimus,
1839 2109 1971 2181 insolen-

371 2190 445 2322 ,ΖΨ
462 2185 520 2330 ἐξ·
551 2211 595 2277 tia
613 2202 823 2307 symptomata
846 2233 959 2278 eorum
981 2213 1180 2307 eruptionem
1205 2201 1446 2307 praecedebant·
1473 2211 1560 2280 Nam
1607 2210 1696 2278 uellae
1713 2212 1841 2279 Domini
1860 2214 1971 2280 Mom-

374 2287 515 2422 ‘Jfbnffi
553 2310 660 2377 moraei
683 2302 883 2379 intolerabilis
902 2329 971 2378 erat
994 2308 1087 2376 dolor
1110 2311 1211 2377 dextri
1236 2301 1385 2390 brachii,
1410 2303 1553 2379 adhibita
1577 2234 1690 2377 sulita
1714 2308 1878 2389 remedia,
1902 2335 1970 2381 rara

374 2448 429 2489 m
465 2436 520 2490 n„-
553 2403 682 2476 suerunt
704 2407 951 2486 exanthemata,
975 2407 997 2473 fr
1021 2406 1116 2501 plura
1141 2411 1176 2478 δι
1202 2407 1224 2474 fr
1248 2410 1313 2476 cito
1337 2406 1533 2504 paruissent,
1556 2432 1622 2476 non
1647 2411 1690 2477 ita
1708 2407 1855 2476 doluisset
1879 2433 1886 2474 :
1913 2412 1969 2479 Per

375 2515 498 2586 pedenna
552 2527 613 2576 tres
627 2501 743 2574 menses
766 2506 820 2575 iste
844 2506 938 2573 dolor
962 2500 1081 2574 brachh
1106 2505 1238 2582 manht,
1263 2506 1411 2574 &trullis
1436 2507 1485 2575 vel
1517 2504 1707 2575 validislimis
1740 2509 1883 2576 remediis
1913 2503 1970 2576 ecf-

375 2596 504 2654 ''m‘lfff
535 2607 607 2674 -srt.
633 2598 789 2672 Bcasaidae
806 2603 873 2670 silio
896 2597 1160 2686 amrossexdecim
1184 2620 1261 2674 nato
1284 2603 1376 2671 dolor
1400 2596 1605 2699 implacabilis
1629 2605 1670 2672 ad
1696 2597 1820 2699 spinam
1855 2606 1934 2675 doch
1958 2633 1965 2674 :

373 2693 512 2817 '‘⁶59‘'
549 2705 771 2800 purgationes,
794 2699 887 2779 litus,
912 2696 1148 2798 phlebotomia:
1173 2707 1303 2793 Qtarto
1327 2703 1377 2770 die
1399 2721 1575 2800 erumpunt
1599 2697 1738 2772 morbilli
1762 2705 1842 2774 adeo
1866 2729 1905 2774 oo
1926 2711 1969 2774 io

372 2761 488 2897 2:20⁸?
537 2802 593 2880 fr,
617 2819 656 2870 ut
675 2801 753 2870 nihil
776 2799 946 2896 copiosius:
973 2803 1041 2869 Diu
1066 2794 1209 2871 latebant
1233 2817 1404 2895 antequam
1427 2820 1653 2900 erumperent.
1680 2797 1819 2873 Duabus
1845 2733 1970 2874 filiabus

373 2929 494 2999 ‘'¹⁴7⁸sp
535 2902 680 2969 Domini
699 2902 836 2969 Amo'raei
862 2891 960 2968 sebres
982 2900 1094 2980 lenta,
1121 2900 1245 2969 dolores
1270 2892 1477 2999 implacabiles
1496 2903 1625 2999 capitis,
1649 2904 1874 2998 purgationes,
1897 2897 1973 2996 clys

372 3022 453 3070 nrm.
548 3020 657 3079 mata,
682 3003 716 3068 δι
741 3018 846 3067 tamen
869 3019 1044 3095 erumpunt
1069 2993 1198 3072 abunde
1212 3001 1446 3070 exanthemata.
1475 3004 1528 3071 An
1546 3001 1711 3069 commode
1737 2996 1891 3097 praescribi
1902 2996 1973 3102 pos-

547 3094 620 3170 sunt
644 3099 870 3168 medicamenta
894 3117 1065 3193 antequam
1089 3091 1229 3167 morbilli
1255 3092 1313 3166 sese
1327 3101 1483 3194 prodant?
1514 3101 1566 3165 An
1600 3098 1654 3164 illa
1684 3099 1864 3192 impediunt
1901 3126 1972 3170 mo-

544 3221 616 3268 tum
639 3214 781 3267 naturas?
806 3202 910 3266 Immo
944 3202 1109 3295 inopinato
1144 3218 1257 3266 verram
1288 3190 1441 3262 seeuimus
1477 3199 1512 3259 δι
1535 3192 1801 3261 medicamentum
1829 3219 1973 3291 purgans

543 3300 706 3374 dedimus,
731 3290 852 3389 quibus
871 3297 920 3364 die
944 3291 1084 3390 sequenti
1112 3313 1171 3362 aut
1201 3289 1347 3389 postridie
1380 3306 1563 3389 apparerent
1596 3289 1755 3366 variolae,
1788 3294 1821 3357 δι
1858 3299 1975 3364 melius

544 3395 650 3465 multo
674 3386 875 3473 habuerunt,
899 3418 999 3489 quam
1022 3386 1144 3491 quibus
1159 3416 1224 3461 non
1249 3391 1316 3461 ausr
1346 3390 1498 3463 fuerimus
1524 3389 1606 3456 idem
1631 3380 1776 3456 exhibere
1801 3412 1809 3453 ε
1847 3387 1886 3456 frc
1914 3416 1973 3488 pa.

544 3519 619 3564 rum
643 3488 811 3597 probabile
834 3496 925 3589 quod
948 3496 1065 3566 dicitur
1089 3496 1192 3563 murus
1216 3492 1340 3562 affatim
1372 3511 1537 3588 erumpere
1561 3487 1694 3585 papulas
1718 3486 1741 3551 st
1773 3506 1888 3583 corpus
1914 3513 1971 3559 an.

545 3615 577 3661 m
596 3615 824 3754 &apsa-b
847 3677 950 3748 insula
973 3684 1013 3747 de
1037 3677 1159 3746 summa
1181 3677 1369 3750 difficultate
1392 3678 1586 3770 deglutiendi
1613 3676 1625 3759 (
1658 3686 1723 3746 'u'ae
1749 3697 1818 3751 erat
1840 3677 1967 3753 tanturn

538 3777 770 3849 -morbillorum
790 3776 957 3843 latentium
972 3769 1093 3842 soboles
1116 3818 1127 3852 ,
1152 3795 1209 3839 nos
1239 3793 1346 3842 autem
1370 3777 1416 3842 nil
1441 3776 1501 3843 tale
1535 3700 1768 3870 suspicabamur
1795 3780 1808 3866 )
1832 3806 1970 3878 conque-

481 3880 485 3894 '
538 3872 850 3988 rebaqqrsinfignis
874 3865 983 3942 febris:
1008 3870 1154 3941 Eluimus
1171 3871 1280 3942 alvum
1294 3867 1467 3964 clyhnate,
1490 3897 1603 3943 venam
1631 3895 1719 3945 metu
1735 3872 1904 3968 synanchcs
1924 3879 1969 3951 sc-

542 3976 689 4056 minos:
721 3968 860 4066 sequenti
885 3972 936 4039 die
954 3965 1179 4039 ‘exanthemata
1202 3992 1373 4069 apparent,
1399 3979 1433 4043 δι
1457 3967 1544 4044 brevi
1571 3992 1676 4044 tamen
1700 3980 1879 4048 convaluit.

536 4124 545 4132 .
573 4074 714 4144 ‘Pndem
739 4096 824 4143 amm
847 4095 953 4164 quum
978 4071 1043 4138 dies
1060 4093 1116 4168 per
1141 4070 1267 4163 aliquot
1290 4067 1363 4141 satis
1385 4074 1487 4164 rigida
1510 4074 1609 4143 hiems
1643 4076 1790 4167 viguisset
1813 4081 1893 4146 circa
1927 4106 1970 4148 a<

568 4165 749 4241 uinoffium
768 4170 901 4237 hiemale
924 4172 1097 4238 innumera
1124 4168 1280 4238 fluxiones
1299 4191 1473 4265 unguitur,
1497 4174 1529 4238 in
1547 4173 1656 4241 oculos
1679 4221 1690 4250 ,
1715 4177 1909 4272 pulmones,
1934 4183 1969 4248 dc

540 4197 698 4359 subjectas
722 4288 843 4365 partes:
869 4263 1022 4365 plerisque
1042 4267 1160 4337 collum
1178 4271 1276 4359 riguit
1299 4294 1334 4339 ac
1361 4272 1526 4340 frtetanus
1551 4270 1637 4340 esset:
1664 4268 1803 4370 stupores
1827 4270 1970 4345 brachio

541 4374 637 4445 rum,
661 4369 881 4436 lancinationes
889 4364 1274 4465 cumstuporequodam,
1298 4368 1589 4466 multiapoplediici
1615 4372 1777 4452 interiere,
1794 4375 1893 4442 multi
1920 4396 1967 4444 re-

620 4470 839 4536 e'mterierunt
863 4460 1048 4537 exsurdantes
1074 4471 1108 4537 &
1132 4459 1294 4546 exstsluti,
1330 4492 1366 4538 ac
1390 4468 1554 4561 hAnglici
1578 4462 1698 4537 sudoris
1728 4466 1840 4565 species
1862 4470 1969 4565 aliqua

373 4594 411 4733 g
434 4581 516 4724 gp,
544 4486 644 4730 ciffi}
670 4554 780 4730 Fepbles
801 4590 875 4637 cum
897 4559 1078 4680 ,sudoribus
1102 4559 1308 4733 qmmtiqus
1331 4585 1401 4637 toto
1424 4586 1607 4734 tempores(
1616 4560 1776 4731 {opense
1800 4567 1970 4733 Deqqembri

372 4687 514 4824 arria-⁴
537 4685 678 4860 {hd
680 4683 1126 4853 {dissimilii
1134 4687 1396 4855 ibidis&
1410 4670 1472 4837 ,¹13¹
1474 4692 1612 4833 ”liin
1640 4683 1969 4855 rigimini

374 4830 437 4969 ssi„
449 4850 516 4889 '⁰⁴'
540 4879 854 4957 nesappatueruntr
876 4862 1023 4959 Corpora
1037 4860 1121 4939 ,sana
1148 4885 1227 4956 pene
1250 4856 1594 4953 languebant.jamjam
1618 4880 1743 4955 repente
1767 4867 1801 4932 δι
1815 4866 1969 4938 smecau=

372 4931 493 5070 Μ,
540 4954 758 5032 samurifesla
783 4958 875 5053 quafi
898 4962 1044 5051 quodam
1068 4978 1182 5062 agente
1207 4959 1365 5033 daemonio
1389 4984 1480 5059 agere
1512 4952 1703 5035 videbantur
1733 4966 1904 5040 animam,
1930 4970 1966 5034 δε

1859 5080 1917 5127 nos
