4534 5850
584 486 651 566 13⁶
850 463 1677 545 amoenioris-n

370 629 438 713 repa
456 619 502 712 fe·
579 634 700 702 Uxoris
725 635 770 701 Ι).
788 633 900 701 Neron
924 648 1035 698 tumor
1059 633 1169 726 potius
1194 621 1426 706 Quamdiu,
1458 628 1499 696 ad
1523 626 1604 696 latus
1628 629 1747 697 circum
1771 640 1947 709 maumas,

367 705 426 798 ⁸⁸⁰.
448 721 502 758 ''¹''
529 737 699 831 apparens.
722 729 820 799 Costa
844 727 1024 797 intumuisse
1048 720 1232 797 videbatur.
1271 726 1481 795 Procuratum
1515 723 1558 793 est
1592 721 1824 825 suppuratum.
1856 729 1946 825 Secia

356 787 465 947 W„
515 838 628 899 leena.
645 829 734 898 Male
747 829 896 922 quidem.
923 829 1013 897 Nam
1038 848 1142 919 quum
1167 844 1375 921 procuramus
1405 820 1636 922 suppuratum,
1670 848 1691 896 a
1725 819 1947 924 phlebotomia

392 881 429 947 pt
476 909 485 932 ⁸
517 928 770 1025 'temperandum
789 925 852 1004 est,
877 926 933 992 nisr
950 925 1030 1018 quid
1044 941 1176 1015 urgeat.

518 1032 521 1040 '
579 1026 753 1096 Blandinus
775 1018 902 1093 dolebat
917 1042 1030 1120 caput.
1056 1022 1306 1119 ophthalmicus
1329 1034 1413 1093 etat.
1440 1023 1569 1091 Mirum
1593 1023 1684 1117 quod
1709 1024 1798 1094 nulla
1820 1032 1946 1098 ratione

413 1092 450 1168 ς’
528 1126 621 1193 dolor
645 1125 715 1193 tolli
740 1127 896 1220 potuerit.
923 1125 1152 1193 Arteriocomia
1175 1117 1346 1192 celebrata.
1372 1114 1576 1190 Concedebat
1608 1122 1738 1216 quidem
1767 1124 1946 1218 aliquando

528 1225 670 1304 malum,
695 1218 745 1291 scd
770 1224 901 1321 periodo
914 1226 1029 1291 incerta
1053 1215 1189 1291 redibat.
1215 1223 1425 1318 lserpurgare
1448 1220 1614 1291 lutovicoe
1637 1216 1774 1292 solebat.
1802 1226 1854 1293 An
1878 1249 1944 1293 non

524 1341 609 1392 teter
632 1344 734 1420 vapor
757 1328 815 1415 qui
839 1323 964 1390 exhalat
979 1322 1067 1398 inde,
1091 1340 1188 1419 caput
1211 1316 1321 1398 ferire,
1346 1324 1381 1391 δι
1404 1317 1527 1391 afficere
1542 1323 1669 1418 potuit,
1692 1317 1944 1417 &nescioquam

374 1474 381 1495 ·.
527 1442 662 1518 pravam
686 1421 839 1491 diathesm
862 1424 955 1517 capiti
980 1423 1124 1489 inureret
1149 1423 1199 1489 lta
1222 1413 1312 1489 sarm.
1403 1474 1407 1480 .

483 1580 485 1585 .
579 1522 647 1621 Qi
671 1523 744 1602 fiat,
769 1538 805 1589 ut
829 1522 937 1588 oculos
951 1519 1102 1594 ,dolentes
1126 1518 1243 1588 afficiat
1275 1520 1374 1610 magis
1404 1540 1477 1596 aer,
1510 1523 1545 1588 δι
1575 1519 1726 1590 αῆεᾶυιιι
1756 1521 1941 1590 deteriorem

440 1660 443 1667 -
527 1619 654 1698 reddat3
680 1624 843 1688 &tamen
867 1638 934 1688 rota
956 1621 1126 1711 antiquitat
1150 1620 1241 1711 aquis
1265 1611 1523 1711 refrigerantibus
1542 1624 1649 1688 utitur
1673 1621 1714 1688 ad
1737 1621 1850 1689 oculos
1875 1642 1943 1688 ma·
1994 1647 2003 1667 ⁴

526 1719 557 1787 le
579 1717 726 1793 anctos,
751 1723 784 1785 δι
809 1718 954 1785 remediis
978 1716 1053 1786 aliu
1079 1714 1218 1810 frigidis,
1241 1735 1353 1785 eontra
1376 1738 1478 1810 quam
1503 1718 1536 1784 in
1560 1721 1692 1787 aurium
1710 1713 1895 1789 affeffibusa

576 1818 609 1884 Si
633 1816 794 1912 herpetes‚
818 1820 853 1884 δι
877 1818 1090 1914 impetigines,
1115 1820 1150 1885 δι
1172 1815 1277 1884 dairas
1300 1809 1401 1917 serum
1425 1809 1598 1894 nitrosum,
1621 1810 1800 1910 salsumque
1834 1813 1906 1885 facit
1930 1861 1943 1892 ,

528 1935 628 2006 quare
644 1917 676 1981 in
701 1917 737 1982 iis
760 1916 982 2019 oppugnandis
1007 1917 1133 1982 utimur
1155 1915 1297 1984 remediis
1320 1906 1523 1996 siccantibus,
1546 1918 1582 1986 δι
1604 1909 1783 2010 squalorem
1792 1916 1942 1985 inducen-

527 2005 636 2082 tibusa
660 2013 749 2082 Nam
774 2018 932 2083 contraria
957 2016 1187 2083 conuariorum
1214 2007 1286 2083 sunt
1310 2013 1465 2082 remedia.
1539 2077 1542 2083 .
1575 2073 1580 2082 .
1653 2078 1658 2087 ‚
1973 2088 1976 2093 ,

578 2113 631 2181 Ad
641 2115 743 2210 ripam
768 2113 919 2206 Sequana
942 2113 1075 2206 quidam
1099 2135 1230 2182 uxorem
1257 2112 1454 2184 vulneravit.
1479 2111 1607 2182 Vulnus
1636 2108 1759 2181 fastum
1781 2115 1824 2181 in
1859 2133 1942 2183 vena

527 2211 682 2280 malleoli.
710 2213 955 2306 Haemorrhagia
979 2214 1098 2281 multa.
1126 2206 1247 2282 Febris.
1274 2211 1410 2282 Deliria·.
1436 2212 1557 2304 Curata
1579 2204 1637 2280 eli.
1664 2211 1738 2281 Sed'
1754 2209 1848 2279 dolor
1882 2233 1944 2304 po

430 2366 433 2373 .
484 2358 487 2369 .
521 2305 592 2378 sica
607 2305 813 2405 implacabilis
836 2311 965 2409 peclium
989 2306 1093 2407 ipsum
1116 2315 1302 2409 occupavit.
1336 2315 1388 2382 An
1429 2311 1522 2406 quod
1553 2308 1655 2380 fluxio
1684 2305 1766 2379 salla
1794 2306 1858 2379 esta.
1890 2311 1944 2376 An

473 2450 477 2460 -
525 2409 618 2500 quod
635 2409 727 2478 dolor
750 2404 792 2478 ab
817 2408 969 2480 exluuslo
990 2411 1158 2480 dominatu
1183 2412 1280 2508 ipsius
1305 2415 1450 2509 pituitae?
1478 2411 1532 2480 An
1556 2409 1647 2504 quod
1674 2409 1761 2478 calor
1791 2405 1943 2478 naturalis

527 2506 701 2600 languidus
724 2505 826 2579 huus
849 2507 921 2578 est!
946 2511 994 2578 lta
1019 2514 1102 2577 enim
1127 2511 1225 2576 modo
1248 2511 1421 2578 articularis
1443 2507 1536 2575 dolor
1542 2505 1645 2603 potest
1654 2502 1789 2578 oboriri.
1816 2509 1940 2577 Etuxor

358 2561 490 2641 'mi‘
526 2604 583 2673 illa
607 2605 859 2702 Pharmacopai,
884 2629 959 2697 quar
982 2628 1087 2696 quum
1111 2625 1205 2672 utero
1228 2605 1428 2701 cottcepislet,
1452 2601 1553 2674 serum
1579 2599 1707 2698 abigere
1735 2607 1857 2683 voluit,
1887 2595 1940 2675 usa

361 2650 502 2717 uranu.

406 2780 408 2785 ,
523 2704 702 2800 pharmacis
726 2697 956 2798 aperientibus,
981 2706 1017 2770 δι
1040 2695 1157 2770 mensts
1180 2695 1444 2798 provocantibus,
1467 2703 1576 2770 incidit
1602 2702 1672 2798 post
1695 2727 1851 2797 magnum
1870 2726 1942 2798 pro-

526 2802 670 2875 fluvium
694 2796 875 2894 sauguinis,
899 2803 932 2868 in
956 2799 1083 2870 dolores
1105 2798 1288 2871 articulares
1311 2793 1543 2900 implacabiles,
1576 2795 1697 2969 quibus
1730 2796 1837 2873 misere
1866 2803 1941 2868 inte-

525 2903 597 2970 rut.
625 2903 678 2969 An
700 2899 793 2969 dolor
816 2901 1000 2969 arthriticus
1023 2903 1263 2974 evacuationem
1287 2899 1376 2971 iliam
1400 2894 1557 2995 sanguinis
1595 2905 1669 2995 eqni
1705 2900 1826 2999 poteste
1856 2899 1943 2971 Nam

524 2992 568 3095 ab
592 3002 763 3071 inanitione
786 3001 952 3071 convulsio
975 3002 1033 3081 lit,
1059 3004 1094 3070 δι
1117 3025 1179 3100 pro
1202 3002 1401 3071 convulsione
1424 2999 1525 3097 potest
1549 2994 1693 3068 substitui
1717 2999 1769 3068 ille
1794 2998 1950 3068 articulo

473 3120 492 3142 ··
521 3119 601 3169 rum
625 3099 717 3169 dolor
740 3096 925 3170 indicibilis.
954 3100 1106 3170 Accedere
1131 3099 1231 3197 potest
1255 3097 1382 3169 lustorla
1408 3099 1544 3168 mulieris
1567 3091 1728 3185 cuiusdam
1753 3096 1948 3174 pharmaco-

524 3198 625 3296 polz,
649 3203 702 3270 eui
729 3193 855 3296 satraguis
878 3200 1046 3269 immodice
1070 3199 1166 3266 fluxit
1191 3218 1248 3294 per
1270 3214 1401 3264 uterum
1435 3195 1510 3262 dato
1527 3194 1766 3264 medicamento
1798 3188 1914 3271 isole
1939 3238 1950 3258 .

526 3297 616 3367 Nam
642 3300 785 3367 arthritis
807 3322 923 3395 eorpus
947 3288 1130 3369 universum
1153 3296 1344 3391 occupavit,
1367 3294 1537 3387 lamquam
1562 3283 1678 3364 sceleris
1703 3293 1737 3360 δι
1762 3294 1880 3385 patrati
1897 3314 1955 3359 er·

365 3463 368 3470 .
522 3398 603 3466 ruris
626 3394 830 3469 nefandissimi
854 3421 970 3498 poelta.
1061 3452 1065 3460 .
1383 3420 1402 3454 τι
1461 3402 1463 3405 ’
1554 3423 1572 3458 .·
1607 3407 1688 3460 ·³..
1935 3441 1938 3446 -

353 3552 501 3644 vo·
523 3500 699 3663 stellis
714 3496 1018 3690 &isidi
1040 3490 1311 3666 lfflllffli
1333 3511 1435 3661 imi?
1453 3503 1638 3684 lissi
1652 3501 1839 3658 {iiiiii
1852 3507 1950 3654 “li

679 3645 687 3661 ι
1649 3635 1664 3658 ²1
1847 3630 1859 3666 2

526 3712 592 3757 non
617 3693 704 3757 mciit
727 3709 914 3766 cruentum,
937 3693 1037 3780 idque
1060 3688 1204 3759 abunde.
1231 3616 1406 3777 soguuntur
1439 3688 1579 3761 Medici,
1612 3671 1708 3753 etiam
1744 3674 1946 3782 presentibus

520 3781 778 3859 'exanthematisv
796 3807 912 3853 venam
934 3787 1076 3879 aperire.
1102 3788 1265 3854 Evacuato
1287 3804 1345 3877 per
1366 3788 1455 3853 viam
1480 3778 1809 3875 urinarumsanguine
1818 3781 1945 3862 tatrdem

528 3884 681 3953 moritur.
709 3882 832 3979 Aperta
856 3882 1022 3961 cadavere,
1044 3881 1208 3952 internum
1230 3886 1327 3950 etiam
1350 3903 1466 3978 corpus
1481 3875 1805 3971 cclymatisscattbat.
1832 3880 1944 3976 Rupta

527 4000 619 4054 erant
644 3976 717 4056 vasa
740 3977 922 4077 sarnguinis,
945 3985 981 4051 δι
1004 3984 1037 4049 in
1061 3984 1190 4076 regione
1214 4001 1328 4051 rmum
1350 3980 1474 4053 multus
1492 3980 1648 4053 callesius
1671 4001 1755 4053 erat.
1782 3981 1856 4052 Hoc
1865 3971 1945 4068 sym-

524 4103 787 4181 proma-novum
820 4074 1047 4178 deprehensum
1062 4080 1124 4151 est.
1323 4109 1326 4114 ·
1367 4083 1372 4114 ³
1519 4115 1522 4122 ·
1765 4137 1799 4160 ,.

393 4263 396 4270 .
580 4181 676 4248 Uxor
700 4182 839 4249 Domini
864 4175 961 4247 ureze‘
986 4176 1177 4249 intolerabili
1204 4178 1318 4277 'eapitis
1345 4179 1458 4251 dolore
1490 4196 1644 4255 vetatur.
1679 4172 1859 4251 Videbatur
1888 4192 1947 4271 per

526 4291 703 4371 quaternos
723 4279 789 4346 dies
812 4276 930 4356 redire,
953 4278 1126 4371 aliquando
1150 4284 1244 4348 tertio
1283 4301 1330 4372 qu
1376 4302 1428 4371 ue⁴
1449 4280 1517 4350 dic,
1552 4274 1657 4351 Febris
1683 4280 1772 4356 velut
1791 4272 1946 4371 ¹capitalis

491 4451 494 4468 ι
527 4370 816 4547 γ’ἰὲἓίιιτιὲιὲιιιι
839 4377 943 4448 multa
966 4377 1005 4445 de
1028 4370 1139 4449 iisdem
1162 4303 1544 4476 doloribusoscripsrmus.
1570 4384 1611 4452 Et
1635 4372 1870 4454 causabam
1894 4377 1945 4443 in-

489 4521 497 4550 ·,
526 4519 528 4526 ·
604 4496 707 4567 gana
776 4528 785 4545 .
1320 4501 1325 4511 ·
1779 4515 1786 4522 ·

425 4603 430 4626 =
577 4575 714 4667 Coquus
738 4581 781 4648 D.
807 4572 966 4670 Daubray
988 4576 1149 4676 nephritin
1173 4582 1240 4678 pati
1264 4573 1451 4651 videbatur.
1478 4584 1570 4658 forte
1591 4578 1721 4651 fortuna
1742 4573 1787 4650 cll
1803 4568 1886 4645 se&
1894 4591 1947 4644 vt·

359 4707 365 4720 ·
398 4687 400 4692 ·
522 4687 588 4742 ua.
613 4673 735 4743 ¹Melius
757 4670 897 4747 habuit.
925 4676 1055 4777 Repetit
1078 4680 1198 4747 dolor..
1237 4680 1421 4773 Aliquando
1446 4703 1483 4754 ca
1515 4687 1550 4751 in
1579 4701 1668 4776 parte
1702 4670 1791 4762 laesus
1823 4672 1945 4745 suerat.

451 4793 455 4800 ·
486 4839 493 4874 ,Ι
525 4765 687 4941 rplfubqpp
709 4770 873 4887 uolonbus
896 4782 931 4847 a
955 4781 1097 4872 magns,
1120 4775 1338 4877 preerant
1368 4772 1465 4849 tuns
1492 4778 1564 4861 eu,
1592 4798 1668 4852 nto
1698 4779 1827 4858 eorm
1848 4766 1948 4871 potest

407 4939 409 4942 .
518 4894 601 4941 ·e
680 4893 760 4942 mla·
1340 4899 1527 4946 ascl,
1610 4905 1643 4953 ζ,
1716 4917 1806 4958 ,μς

516 4891 549 4971 'p
576 4971 635 5042 1112
659 4971 774 5044 mulier
797 4960 840 5043 ael
864 4973 1020 5078 poculum
1043 4971 1323 5073 {tamtumque
1344 4981 1489 5062 mnum-
1506 4961 1946 5080 macharbalem·-

795 5060 801 5071 ’
1844 5092 1901 5138 ma
