4534 5850
574 483 651 543 260
846 463 1618 553 'aurtrnndttorttr

528 628 653 694 tinuam
677 627 769 694 tertio
789 645 921 718 quoque
939 623 988 691 die
1008 620 1193 688 deteriorem
1211 611 1328 684 fastam
1347 660 1358 694 ,
1392 618 1427 682 δι
1452 613 1502 681 die
1518 603 1654 679 secundo
1671 625 1788 686 novam
1803 618 1945 688 accesit&

525 744 601 793 nem
620 717 786 792 habentem
806 747 847 820 ap
887 721 954 788 llari
973 716 1137 787 non’rult
1162 713 1362 792 intromisi,
1394 711 1483 806 quod
1512 715 1547 778 δι
1572 713 1725 782 contiuua
1754 717 1943 806 quotidiana

520 819 579 886 die
598 820 703 890 medio
717 844 836 918 paroxv
850 842 946 887 mum
958 812 1091 890 habeat,
1118 817 1152 878 &
1179 813 1311 879 tertiana
1327 811 1446 907 duplex
1460 811 1632 890 continua,
1657 815 1693 883 δι
1718 812 1859 910 duplex,
1884 816 1943 884 stre

515 918 642 1012 ¹triplex
659 900 1004 1011 quartana'continua.
1032 916 1071 979 ln
1089 911 1255 1006 lipidemiis
1274 916 1387 1006 partic.
1419 931 1474 996 23.
1494 905 1564 976 fed.
1588 930 1619 976 2.
1644 902 1701 979 lib.
1724 918 1755 977 6.
1778 912 1875 1007 plane
1892 935 1944 982 ne·

529 1036 584 1107 gart
605 1011 842 1087 semitertianam
867 1016 968 1083 ullam
997 1011 1053 1080 elle
1079 1014 1355 1086 intermittentem,
1374 1003 1430 1076 lib.
1449 1009 1488 1075 dc
1511 1008 1591 1103 typis
1613 1031 1684 1107 cap.
1695 1035 1727 1096 4.
1747 1015 1947 1082 contrarium

517 1115 621 1207 plane
639 1116 758 1184 alferit.
786 1121 824 1183 lt
842 1115 931 1181 nullo
949 1132 1106 1204 umquam
1126 1109 1196 1175 loco
1215 1127 1282 1175 tam
1300 1103 1347 1176 sui
1364 1106 1408 1175 est
1424 1102 1545 1174 oblitus
1563 1108 1704 1178 Galenus
1722 1160 1730 1177 .
1769 1108 1832 1178 Sed
1851 1112 1947 1204 longe

516 1213 596 1279 -ltaec
613 1216 693 1281 inter
713 1210 741 1282 se
761 1215 929 1289 differunt,
947 1235 1052 1304 quum
1071 1217 1104 1274 in
1120 1210 1272 1276 continua
1286 1207 1473 1300 quotidiana
1491 1205 1577 1274 idem
1594 1207 1631 1275 stt
1647 1208 1767 1278 ltumor
1782 1214 1817 1278 ἃ
1832 1211 1946 1278 eodem

529 1312 600 1377 ioco
614 1309 820 1405 inclususqui
838 1309 1016 1381 aceclltones
1035 1306 1125 1376 faciat
1148 1351 1160 1385 ,
1196 1310 1228 1373 in
1256 1306 1383 1402 duplice
1402 1308 1533 1376 tertiana
1551 1312 1700 1377 continua
1718 1332 1781 1376 non
1796 1308 1879 1377 idem
1900 1308 1946 1377 cll

533 1409 674 1487 humor,
700 1436 755 1480 nec
775 1414 879 1479 loeus:
895 1410 965 1476 ideo
983 1410 1154 1505 prudenter
1171 1399 1321 1473 monebat
1346 1406 1485 1474 Galenus
1502 1427 1572 1503 cap.
1597 1426 1650 1472 rt.
1672 1401 1728 1474 lib.
1753 1428 1779 1473 1.
1801 1407 1839 1475 de
1857 1408 1950 1476 dille·

531 1527 611 1574 rent.
630 1504 792 1589 febrium,
819 1514 851 1577 in
877 1506 1061 1578 estimandis
1089 1497 1229 1572 febribus
1246 1529 1310 1571 non
1329 1503 1563 1573 considerandas
1579 1505 1788 1573 accelfronurn
1812 1508 1947 1576 invasio-

531 1627 585 1674 nes
602 1610 637 1676 &
707 1610 796 1679 iodos
806 1655 817 1686 ,
842 1602 892 1676 sod
900 1605 1157 1675 considerandam
1174 1597 1327 1697 cujusque
1347 1606 1569 1702 proprietatem
1587 1606 1823 1698 &ingenium
1845 1603 1946 1699 Qud

529 1749 555 1782 „
579 1727 634 1773 cen
649 1711 697 1775 uit
712 1711 757 1775 Hi
783 1710 915 1803 pocr.A
941 1706 1012 1775 hor.
1039 1725 1092 1770 12.
1113 1695 1170 1770 lib.
1195 1724 1223 1769 1.
1249 1724 1353 1796 quum
1372 1707 1444 1771 ait:
1479 1702 1700 1782 Access'rones,
1735 1709 1770 1773 &
1796 1703 1947 1772 constitu·

531 1848 553 1881 „
577 1806 677 1874 tiones
692 1733 797 1875 morbi
813 1731 1019 1898 judicabunt.
1045 1804 1198 1873 ceterum
1219 1804 1340 1870 tametsi
1356 1798 1454 1872 febres
1472 1825 1582 1870 omnes
1600 1806 1758 1874 continuae
1777 1804 1838 1870 ftnt
1856 1851 1867 1881 ,
1898 1820 1948 1872 ta·

529 1923 603 1969 nitu
616 1904 672 1974 has
687 1899 957 1984 exacerbationes,
982 1904 1228 1979 annotationes,
1265 1905 1299 1970 &
1323 1895 1532 1977 &sflnoltt‘oeuc
1543 1896 1656 1966 θῆἆὶσιι
1673 1902 1882 1997 qnamdam,
1908 1921 1946 1970 ut

531 2023 569 2066 ex
593 2003 749 2098 Hippocr.
765 2007 911 2102 particul.
934 2026 988 2089 ις.
1007 1996 1078 2070 fest.
1104 2025 1133 2088 3.
1157 1996 1212 2067 lib.
1237 2020 1264 2065 r.
1291 2001 1381 2095 lipid.
1407 2020 1520 2096 patet,
1554 2004 1655 2069 immo
1680 2003 1818 2070 Galenus
1849 2017 1948 2071 vocat

530 2091 667 2176 Mller·
693 2104 784 2172 Nam
805 2104 844 2172 de
859 2104 921 2170 illis
938 2094 1081 2171 febribus
1098 2105 1259 2167 continuis
1274 2098 1484 2191 homonymos
1507 2103 1622 2169 vocaris
1645 2105 1690 2168 ita
1713 2092 1845 2174 scribit,
1883 2097 1950 2171 ταῖς

526 2198 746 2275 nominaui
754 2196 967 2278 rdpqoiu'lu,
978 2191 1203 2286 accipiamur,
1228 2196 1306 2267 idest
1324 2248 1335 2279 ,
1354 2198 1429 2267 alias
1444 2218 1540 2290 atquc
1554 2198 1629 2268 alias
1646 2199 1731 2269 velut
1748 2188 1952 2289 quibusdam

530 2293 771 2369 circuitionibus
787 2287 946 2378 insiliunt,
969 2325 1006 2370 ac
1025 2315 1196 2394 repetunt.
1221 2299 1321 2391 Qrod
1341 2301 1460 2366 mirum
1479 2295 1541 2375 cst,
1565 2321 1668 2391 quum
1693 2289 1808 2366 obisset
1829 2317 1897 2361 non
1915 2293 1951 2359 stt

528 2383 666 2468 febrium
686 2403 928 2477 continuarum,
954 2394 1306 2474 fedintermittentium,
1327 2396 1545 2466 &dividatur
1563 2400 1596 2464 in
1617 2386 1951 2482 παροξυσμὸνῒμὶεσιν.

532 2498 720 2581 Παροξυσμὶς
744 2520 852 2568 autern
878 2491 997 2583 &abac
1021 2497 1060 2564 ad
1083 2490 1182 2562 febres
1210 2502 1327 2589 typicas
1352 2496 1486 2561 maxime
1516 2491 1676 2575 refertur,
1711 2486 1758 2559 fed
1782 2483 1949 2586 praesertim

530 2593 597 2693 ipsa
621 2587 733 2669 duee,
749 2603 838 2677 cujus
854 2596 926 2660 loco
940 2598 973 2659 in
991 2596 1166 2668 continuis,
1191 2591 1358 2681 liquando
1372 2590 1547 2653 concedunt
1567 2597 1848 2682 remittutrtutqtte
1861 2585 1950 2666 ‘b‘-

529 2692 593 2768 -κμ1
614 2691 751 2758 dicitur.
777 2693 899 2758 Tamen
917 2691 950 2754 in
964 2689 1124 2753 continuis
1138 2690 1233 2752 etiam
1258 2685 1280 2751 st
1305 2678 1582 2752 exacerbationum
1611 2687 1715 2755 fimilis
1737 2689 1886 2778 quaedam
1901 2709 1951 2756 re·

530 2790 636 2858 cursio
653 2788 937 2862 ammadvertitur,
961 2804 999 2852 ur
1019 2784 1150 2851 srtcrtio
1167 2804 1300 2876 quoque
1317 2785 1384 2860 die,
1410 2800 1469 2851 aut
1486 2802 1635 2876 quarto,
1661 2805 1718 2856 aut
1736 2786 1869 2878 fmgulis
1888 2785 1950 2854 die·

528 2883 614 2966 bus,
640 2902 716 2953 tunc
733 2879 836 2955 licebit
856 2891 889 2953 in
907 2882 965 2952 illis
982 2876 1123 2952 febribus
1147 2876 1260 2948 moni
1282 2880 1432 2962 statuere,
1456 2876 1507 2951 sed
1519 2889 1627 2955 minus
1644 2890 1769 2983 proprie
1788 2886 1811 2955 fi
1829 2889 1872 2958 ad
1889 2908 1951 2955 un·

532 3010 632 3081 guem
648 3007 695 3053 res
711 2992 881 3079 exigatur,
906 3004 943 3051 ut
958 3005 996 3051 cx
1013 2982 1195 3052 definitione
1219 2976 1381 3058 aaziae,
1405 2981 1551 3076 colligere
1566 2985 1638 3055 licet
1662 2984 1813 3078 affignata
1836 3010 1857 3057 a
1886 2989 1952 3054 Ga·

533 3089 608 3155 leno
625 3078 680 3152 lib.
697 3085 735 3153 de
750 3088 848 3155 totius
863 3076 969 3151 morbi
985 3075 1183 3180 temporibus
1203 3126 1212 3145 .
1236 3080 1296 3148 Sed
1315 3081 1365 3147 itis
1377 3081 1490 3151 relidit
1506 3086 1566 3152 tria
1584 3085 1689 3155 videre
1705 3102 1854 3178 oportet.
1884 3085 1954 3154 Pri-

431 3179 441 3195 ’
534 3204 627 3255 mum
650 3184 731 3277 quid
754 3185 900 3268 videatur
922 3181 1045 3250 Galeno
1061 3182 1100 3249 de
1116 3177 1312 3275 eriraeophyis
1333 3173 1495 3250 febribus:
1526 3182 1670 3251 Secundo
1687 3203 1727 3248 an
1746 3181 1805 3247 lint
1821 3204 1838 3249 e
1857 3179 1956 3253 censu

534 3292 781 3353 emrtmuarum.
808 3283 953 3358 Deinde,
979 3304 1020 3349 an
1035 3280 1071 3348 stt
1088 3280 1256 3377 quidpiam
1273 3273 1548 3350 commemorabile
1565 3281 1655 3373 quod
1673 3280 1720 3348 hae
1738 3270 1837 3347 stbres
1857 3286 1958 3350 tertio

511 3398 670 3477 'quoque
690 3382 740 3451 dic
759 3399 969 3457 moveantur,
993 3404 1100 3474 quum
1113 3378 1299 3473 generaliter
1317 3379 1379 3447 hoc
1395 3384 1490 3450 etiam
1510 3380 1549 3449 ad
1565 3400 1673 3450 omnes
1701 3370 1799 3446 febres
1826 3370 1958 3450 biliosus

533 3482 730 3551 extendatur
748 3532 757 3548 .
784 3485 930 3575 Denique
944 3503 986 3549 an
1011 3475 1182 3553 inuenio
1196 3479 1503 3565 pronuntiaturi,
1529 3476 1704 3549 confundat
1721 3479 1956 3575 Hippocrates,

533 3579 706 3674 quastione
723 3582 857 3673 dignum
875 3577 936 3649 est.
963 3583 1008 3648 Ac
1027 3580 1170 3672 primum
1195 3570 1429 3655 adraanus,
1452 3578 1513 3645 hoc
1526 3579 1651 3647 Galeno
1669 3576 1814 3654 videtur,
1838 3596 1955 3647 utnon

538 3679 716 3769 rigrnfieenr
730 3697 787 3748 aut
812 3676 1000 3753 inrorato,
1024 3695 1082 3743 aut
1100 3677 1267 3743 tertianam
1282 3673 1423 3764 aliquam
1441 3678 1715 3745 intermittentcm·
1743 3676 1955 3771 Quamquam

538 3801 575 3845 ex
595 3775 797 3874 initio‘Com
815 3782 851 3843 in
872 3774 1020 3870 particul.
1040 3796 1096 3861 ²3·
1114 3767 1186 3843 se&
1205 3794 1235 3839 2.
1253 3765 1308 3839 lib.
1333 3776 1364 3838 6.
1384 3773 1475 3869 Epid.
1500 3778 1627 3844 nomine
1645 3776 1707 3844 hoc
1726 3772 1903 3844 includitur
1921 3780 1955 3844 ot

538 3925 561 3955 ,‚
585 3872 814 3972 semitertiana,
838 3879 873 3943 oe
898 3873 1056 3971 produtfitc
1072 3878 1228 3951 tertiana,
1254 3862 1362 3941 Ve'tba
1382 3867 1495 3942 Galeni
1514 3874 1580 3944 lrzc
1601 3869 1703 3944 sunt:
1735 3877 1830 3969 Quas
1848 3891 1955 3945 aorem

488 3973 490 3977 ’
537 3970 691 4055 „febres
711 3972 893 4054 enumeris
914 3994 1033 4054 vocet,
1068 3966 1199 4042 abunde
1216 3968 1342 4042 dictum
1362 3969 1437 4051 est,
1466 3970 1690 4046 semitertianas
1718 3975 1889 4048 videlicet,
1920 3976 1957 4040 δι

541 4074 713 4169 produdtas
733 4079 900 4142 tertianas.
926 4074 1028 4167 Qud
1049 4067 1325 4140 absumentum
1351 4070 1398 4140 en
1423 4094 1529 4165 quum
1545 4069 1622 4173 sepe
1638 4074 1804 4146 eotrendat
1821 4070 1887 4140 aliis
1907 4069 1957 4136 lo-

540 4174 582 4237 eis
600 4171 712 4237 Galen.
735 4190 891 4260 magnum
913 4169 970 4236 effe
985 4162 1151 4237 discrimen
1171 4170 1252 4232 inter
1270 4164 1658 4253 eumemdeaiuereoeior
1681 4224 1690 4241 .
1719 4170 1776 4241 Sed
1801 4185 1884 4265 puto
1907 4172 1958 4236 in·

540 4286 706 4363 terpretem
724 4265 878 4334 latinum
892 4264 976 4333 male
992 4264 1112 4335 vertille
1127 4285 1236 4333 vocem
1252 4253 1351 4328 teo'rrz'
1375 4258 1438 4360 ipse
1454 4269 1561 4341 videre
1576 4272 1669 4368 pollis
1688 4324 1696 4340 .
1728 4269 1827 4363 Qud
1845 4287 1956 4337 autem

543 4387 661 4435 nomen
684 4356 885 4441 emmelos,
910 4364 1040 4458 longam
1059 4368 1231 4431 tertianam
1245 4382 1311 4429 non
1329 4359 1479 4454 significet
1495 4363 1623 4440 duabus
1638 4374 1669 4439 id
1685 4360 1862 4440 rationibus
1883 4391 1957 4436 con·

540 4460 629 4559 sequi
644 4461 826 4562 poliitmus.
852 4462 959 4532 Priore
976 4460 1125 4557 quidem,
1151 4465 1267 4556 Quum
1284 4459 1439 4579 Hippocr.
1453 4487 1535 4565 part.
1556 4491 1613 4556 23.
1632 4465 1702 4540 se&
1721 4462 1864 4540 2,1jb,5,
1884 4468 1958 4565 Epi.

542 4609 566 4643 „
590 4564 672 4634 dem.
689 4556 819 4631 scribit:
842 4554 1007 4634 Omnibus
1022 4556 1164 4635 febribus
1187 4578 1399 4642 tommo,
1431 4592 1494 4637 nox
1518 4588 1592 4638 ante
1614 4568 1816 4641 accessionenr
1832 4563 1959 4660 molesta

542 4660 651 4742 „.est,
675 4665 709 4731 in
727 4661 858 4732 Comm.
874 4664 1039 4735 Galenus:
1064 4665 1236 4765 Proprium
1254 4658 1319 4736 cll,
1343 4665 1421 4744 ait,
1444 4662 1580 4738 febrium
1606 4668 1779 4749 runculo
1800 4715 1814 4748 ,
1846 4688 1887 4739 ut
1901 4689 1958 4734 nu

540 4807 564 4841 2,
590 4760 672 4832 &em
689 4779 761 4831 ante
780 4762 976 4833 aceeffionem
995 4764 1200 4834 molestiorem
1227 4757 1390 4841 habeant,
1425 4768 1554 4837 'extensu
1573 4788 1679 4842 antem
1697 4770 1839 4839 tertianis
1854 4770 1960 4837 omni-

540 4897 568 4939 „
586 4854 645 4931 bus
666 4884 732 4930 non
750 4866 936 4958 ptoprium.
964 4866 1077 4956 ltaque
1092 4865 1183 4932 aliud
1203 4856 1325 4930 extensa
1333 4865 1467 4933 tertiana
1477 4864 1539 4942 cll,
1562 4867 1651 4937 aliud
1675 4861 1860 4949 rameseie,
1875 4864 1964 4932 'alio-
1984 4889 1991 4902 ‘

465 5043 468 5052 ¹
540 4964 598 5053 qui
617 4962 678 5033 hoc
693 4960 834 5033 Galenus
849 4961 978 5031 Comm.
992 4965 1022 5029 in
1040 4965 1150 5062 portic.
1176 4987 1202 5052 5.
1224 4955 1297 5029 sesi.
1322 4982 1351 5048 3.
1370 4955 1427 5030 lib.
1451 4984 1480 5030 r.
1497 4967 1588 5063 Epid.
1602 4974 1681 5037 air:
1706 4971 1824 5061 Quum
1838 4961 1962 5032 duodo

593 5125 598 5133 .
704 5091 711 5133 ¹.
969 5114 974 5122 -
1033 5109 1037 5122 ¹
1056 5109 1060 5120 ·
1797 5106 1820 5142 u
1842 5087 1911 5134 clm
