4534 5850
526 488 593 576 ms
793 480 1634 558 culsrrnrunrrour1

465 619 611 704 habere,
634 624 726 704 icieli,
751 626 872 694 nullam
900 623 1147 717 inaequalitatem
1162 644 1199 692 ae
1230 620 1513 692 diiiimilirudinem
1537 640 1696 691 utimum
1721 637 1779 693 aut
1799 621 1906 695 alteri

466 744 526 797 aut
550 718 607 794 fibi
631 725 782 795 collatum
806 740 1094 821 comparatumque
1126 739 1234 790 totum
1259 722 1296 790 srt
1321 722 1443 815 equale
1474 744 1510 791 ac
1535 721 1633 791 simile
1656 715 1733 790 lui.
1761 725 1811 793 Ut
1834 748 1897 792 no-

467 844 542 891 men
567 817 802 903 domairac,
824 823 910 920 apud
938 823 1169 916 Hippocratem
1194 821 1255 888 tria
1273 821 1441 912 significet,
1466 825 1594 918 proprie
1641 820 1750 891 uidem
1782 821 1898 902 distor-

468 924 587 990 tionem
611 930 646 990 in
669 923 762 990 latua
791 941 822 986 2.
848 921 887 989 de
902 919 1041 991 articulis
1065 944 1074 986 r
1099 916 1214 988 Paullo
1238 920 1416 1009 generalius
1440 923 1590 1013 quamvis
1613 843 1708 1016 ibim
1740 922 1895 1018 deprava·

468 1021 586 1088 tionem
611 1043 718 1115 quum
742 1041 769 1085 1.
796 1019 835 1087 de
859 1017 981 1089 articul.
1001 1035 1093 1091 vocat
1117 1005 1197 1102 ῥάχιν
1219 1009 1451 1097 «marmiun,
1484 1022 1600 1113 quovis
1625 1020 1723 1087 modo
1757 1028 1858 1091 everti
1883 1067 1894 1100 ,

467 1121 573 1188 vitiari
598 1144 634 1188 ac
657 1119 834 1216 depravari:
860 1121 969 1187 Tertio
993 1119 1090 1185 modo
1105 1138 1208 1209 coque
1234 1117 1367 1186 maxime
1382 1120 1539 1210 generali,
1562 1113 1627 1184 cirri
1642 1118 1690 1191 τῖνς
1703 1109 1896 1198 ἀνωμαλίας,

468 1236 509 1284 ur
525 1243 557 1302 4.
584 1218 624 1286 de
641 1221 745 1288 Diaera
764 1237 954 1295 acutorum,
978 1215 1118 1286 dedueio
1134 1207 1315 1292 vocabulo,
1339 1234 1397 1284 aut
1420 1220 1529 1311 potius
1547 1214 1695 1286 tradueto
1711 1240 1748 1283 ex
1774 1220 1893 1306 vulga-

466 1316 496 1384 ri
520 1317 712 1414 politieaque
727 1316 878 1410 loquendi
901 1314 1055 1386 formula
1083 1312 1137 1384 Ad
1160 1335 1227 1384 rem
1241 1312 1422 1396 redeamus,
1447 1307 1623 1402 rineriaprr
1641 1323 1665 1401 t,
1687 1308 1870 1394 ὲννενννμβίνν
1880 1360 1891 1394 ,

465 1411 1893 1611 dxiiii?‘iliriiiiiiiiri‘liij‘rii‘iiillliiiiii

511 1608 588 1691 test,
612 1618 648 1682 in
665 1609 772 1683 tribus
795 1612 948 1683 consistit:
975 1615 1013 1683 ln
1038 1607 1236 1691 substantia,
1259 1614 1412 1704 qualitate
1424 1613 1444 1692 ,i
1468 1617 1503 1685 δι
1525 1617 1723 1708 quantitate.
1749 1614 1789 1679 ln
1817 1605 1892 1679 sub-

535 1716 599 1788 tia‚
624 1730 664 1781 ut
688 1713 783 1782 molle
800 1713 837 1781 lit
852 1707 998 1811 appullui
1021 1715 1199 1805 digitorum
1221 1712 1331 1780 cedens
1355 1735 1392 1783 ac
1415 1702 1606 1808 obimuetrs,
1631 1714 1665 1782 in
1689 1713 1891 1808 quantitate,

464 1828 504 1879 ut
521 1812 719 1881 rnediocritas
741 1813 965 1881 eontrafflonis
988 1815 1023 1882 de
1047 1809 1243 1881 distentionis
1267 1809 1322 1889 lit,
1345 1837 1411 1882 non
1434 1810 1608 1883 distentum
1646 1818 1741 1882 nimis
1764 1834 1820 1880 nec
1833 1809 1888 1876 de·

464 1906 601 2004 prelium
624 1911 907 2005 contrabiumque.
935 1915 973 1980 ln
997 1909 1152 2005 qualitate
1168 1930 1407 2006 temperatum,
1432 1931 1469 1982 ur
1487 1937 1543 1981 nec
1569 1912 1729 1987 calidius,
1756 1934 1812 1979 nec
1835 1902 1891 1975 fri-

463 2008 572 2097 gidius
596 2029 767 2105 appareat,
790 2005 839 2081 sed
867 2017 901 2079 in
926 2011 1031 2080 modio
1052 2009 1194 2104 quodam
1224 2009 1418 2103 qualitatum
1442 2010 1580 2104 positum
1606 2009 1670 2086 fit,
1702 2008 1821 2078 aceedit
1854 2011 1891 2075 &

461 2098 1019 2301 dbmmstnimimmmfit'
1039 2103 1172 2279 {riam
1200 2127 1251 2276 pidei
1263 2130 1329 2219 non
1352 2107 1425 2224 iniit
1440 2100 1566 2204 pulsus,
1591 2125 1629 2220 ut
1654 2106 1889 2273 pagimlff·

510 2257 518 2270 ·
543 2225 569 2270 ¹·
751 2258 759 2274 .
859 2232 876 2279 e
1005 2258 1013 2276 .
1067 2227 1081 2277 t
1104 2227 1142 2277 ut
1167 2231 1200 2275 m
1251 2222 1364 2275 oerrtas
1388 2228 1423 2275 ur
1447 2224 1668 2275 extenuatione
1753 2226 1787 2272 cr
1833 2224 1891 2272 rtre

462 2301 549 2373 laudi
569 2299 754 2387 tribuatur,
769 2206 1050 2407 fbaqoeruidernpntbstrnne
1074 2307 1295 2377 mediocritatis
1326 2326 1428 2398 genus
1459 2304 1603 2374 inomni
1628 2302 1889 2398 hypoehondrio-

459 2423 536 2475 rum
559 2409 701 2478 examine
726 2410 887 2502 exquirere
911 2409 1001 2486 lieet,
1027 2427 1133 2477 tamen
1157 2405 1272 2475 melius
1296 2404 1339 2475 eli
1365 2399 1583 2475 laeculentum
1606 2401 1804 2493 craliumque
1827 2397 1885 2470 elie

462 2499 769 2595 hypochondrium,
790 2526 829 2575 ut
842 2526 932 2602 paret
954 2497 1101 2598 Aphorri
1124 2527 1180 2590 35.
1195 2495 1252 2568 lib.
1266 2524 1296 2568 2.
1322 2506 1365 2570 Et
1396 2506 1611 2597 Hippocrates
1626 2525 1691 2597 ⁸per
1722 2522 1885 2617 compara-

458 2600 581 2664 tionem
604 2602 700 2666 etiam
723 2594 847 2676 liribit3
871 2604 910 2666 ln
932 2603 1020 2665 omni
1036 2591 1153 2665 morbo
1176 2595 1288 2663 melius
1311 2595 1355 2664 est
1369 2597 1648 2692 hypochondrium
1669 2590 1770 2673 adire
1792 2605 1883 2676 aru»,

459 2713 496 2760 ac
521 2693 542 2758 li
563 2693 647 2762 dicat
667 2696 871 2786 exquiratur,
896 2711 1003 2761 tamen
1026 2693 1068 2760 ad
1091 2692 1293 2787 purgationes
1307 2715 1346 2762 ert
1369 2713 1488 2766 eventu
1511 2691 1669 2766 conferre.
1697 2699 1768 2767 Nec
1798 2701 1882 2767 enirn

458 2781 633 2868 veiireu,
658 2785 739 2859 forte
764 2793 844 2863 vitio
855 2790 932 2870 elie,
957 2789 1160 2884 liaequalitar
1174 2792 1309 2859 omnino
1325 2793 1360 2861 in
1377 2793 1690 2891 hypoclrondtioest,
1712 2796 1803 2890 quod
1810 2799 1882 2890 quis

459 2904 552 2985 putet
575 2887 645 2958 duo
668 2887 762 2969 bac,
787 2884 912 2973 verr,
935 2895 970 2964 δι
994 2881 1098 2976 tripos,
1121 2888 1240 2987 (quod
1258 2909 1431 2987 utrumque
1454 2897 1487 2964 in
1513 2893 1761 2995 hyporhondriis
1789 2915 1883 2965 nota-

457 2987 506 3056 vit
522 2987 750 3086 Hippocrates)
774 2989 858 3060 idem
875 2992 1067 3085 fignificare.
1092 2990 1183 3060 Nam
1200 2993 1234 3060 in
1258 2989 1455 3088 Aphorismis
1474 2990 1624 3070 dodim
1639 2993 1769 3064 laudat:
1796 2999 1833 3063 ln
1846 3020 1879 3077 4.

456 3086 497 3155 dt
514 3086 619 3160 Diaeta
636 3109 805 3161 acutorum
821 3091 861 3161 de
883 3091 921 3160 iis
942 3092 1002 3186 qui
1033 3108 1186 3183 aegrotare
1201 3090 1357 3186 incipiunt
1379 3092 1516 3184 loquens
1536 3098 1583 3162 ait
1616 3094 1790 3163 videndum
1822 3090 1882 3163 elie

455 3209 537 3255 num
561 3187 701 3261 elevetur
725 3190 1008 3288 hypochondrion,
1041 3213 1120 3260 num
1146 3184 1268 3265 doleat,
1302 3208 1359 3259 aut
1383 3188 1537 3284 inaequale
1561 3190 1600 3258 srt
1618 3192 1709 3271 (nam
1739 3193 1884 3262 Variaeus

460 3288 680 3357 Grammatice
693 3290 866 3383 quideme
880 3283 1053 3358 curarimus
1076 3288 1190 3369 vertit,
1212 3280 1458 3381 obliquitatem,
1478 3311 1585 3382 quum
1609 3285 1883 3380 inaequditasdici

459 3389 606 3480 vertique
619 3388 728 3485 potius
742 3383 873 3467 debeat,
899 3409 937 3460 ut
953 3386 1065 3487 paullo
1082 3406 1156 3458 ante
1168 3387 1345 3473 diximusz)
1371 3391 1452 3457 item
1468 3409 1551 3456 num
1568 3380 1683 3457 lrabeat
1707 3380 1806 3472 stipor,
1833 3382 1882 3459 sa.

457 3488 597 3555 tnraoem
614 3490 871 3567 verritVariaeus,
896 3484 945 3557 sed
963 3485 1063 3564 male,
1087 3485 1198 3556 melius
1212 3480 1435 3583 repletionem,
1461 3487 1755 3583 plenitudinemque
1779 3482 1878 3556 dixis-

457 3578 520 3652 set.
546 3588 597 3653 lta
613 3590 696 3655 enim
712 3587 852 3660 Galenus
868 3580 962 3671 siper,
988 3584 1137 3677 intelligit
1152 3576 1286 3670 aalma
1309 3577 1468 3667 marrier.
1493 3587 1573 3655 Non
1598 3585 1680 3653 idern
1700 3587 1811 3678 itaque
1835 3585 1878 3655 est

460 3672 694 3766 admiserim.
721 3687 826 3780 Qod
840 3688 925 3756 enirn
944 3684 1044 3777 vulgo
1060 3682 1194 3752 dicimus
1205 3682 1485 3781 hypochondrium
1495 3679 1608 3754 debere
1625 3683 1683 3754 esre
1709 3677 1788 3753 irene
1815 3685 1875 3754 ha·

459 3769 585 3860 bitum,
610 3772 692 3849 succi
715 3781 866 3878 plenum,
890 3779 1087 3874 quadratum
1112 3774 1418 3877 succulentumque,
1443 3783 1523 3852 illud
1553 3782 1597 3854 est
1621 3776 1738 3852 habere
1755 3774 1874 3860 τέκος,

459 3902 526 3947 non
540 3898 648 3949 autem
664 3871 734 3951 trio
754 3874 843 3970 κίρνν.
868 3881 958 3951 Nam
972 3872 1072 3953 altre
1094 3871 1186 3958 iicet,
1209 3881 1250 3951 ad
1265 3876 1411 3952 habitum
1430 3877 1556 3952 bonum
1573 3875 1789 3952 musculorum
1804 3905 1874 3949 oar-

456 3981 549 4047 nium
564 3972 757 4059 abdominis,
781 3988 817 4053 &
829 3976 983 4055 viscerum
999 3976 1283 4076 intestinorumque
1298 3978 1453 4069 refertur,
1470 3988 1522 4052 tui
1536 3989 1714 4080 opponitur
1729 3973 1833 4043 uertit
1848 3988 1874 4063 i,

460 4070 607 4148 interruit
620 4071 713 4154 dier,
738 4079 832 4157 idest,
853 4078 1047 4173 depreiium,
1070 4077 1214 4155 humile,
1229 4075 1451 4155 consumtum,
1470 4085 1681 4161 emaciatum,
1695 4080 1875 4171 liquatum·

460 4194 541 4265 que.
568 4165 654 4256 Kieros
676 4194 783 4243 autem
809 4179 849 4246 ad
874 4174 978 4253 iaeces,
1004 4192 1062 4245 aut
1085 4175 1263 4253 alimenta,
1287 4179 1383 4336 ⁷quod
1415 4198 1592 4273 utrumque
1617 4165 1876 4249 indifferentetsd

1322 4266 1437 4354 cols,
1458 4280 1503 4347 ait
1535 4275 1744 4354 descendere,
1770 4271 1871 4354 idest,

458 4359 584 4453 scirpos.
610 4368 767 4439 Videmus
783 4372 816 4440 in
833 4364 955 4442 morbis
969 4367 1248 4467 hypochondrium
1264 4362 1364 4446 volite
1380 4366 1452 4443 iiten
1475 4369 1647 4458 trifariam,
1669 4372 1749 4447 idest
1772 4372 1871 4443 modo

456 4490 478 4536 a
503 4465 586 4537 mole
608 4458 828 4541 musculorum
842 4477 877 4543 δι
892 4464 1064 4550 viscerum,
1089 4474 1124 4540 δι
1149 4463 1272 4543 bonum
1288 4466 1342 4540 est.
1385 4495 1415 4542 r.
1443 4470 1486 4547 ab
1508 4472 1698 4548 humoribus
1728 4478 1764 4546 &
1796 4470 1872 4542 lier-

454 4587 545 4644 core,
569 4569 605 4635 &
627 4568 706 4639 illud
730 4570 773 4640 est
796 4574 922 4672 proprie
945 4563 1016 4643 iiten
1031 4562 1123 4658 ripn.
1150 4572 1260 4668 Tertio
1284 4568 1493 4647 a'flatulenra
1517 4583 1648 4650 materia
1670 4572 1871 4647 acaloreacri

455 4687 493 4738 ae
515 4663 656 4758 maligno
676 4674 829 4743 excitata.
856 4673 957 4772 Quod
971 4680 1068 4743 etiam
1082 4673 1115 4744 in
1138 4668 1340 4746 moribundis
1363 4675 1516 4747 vidimus.
1541 4681 1582 4747 Et
1609 4675 1671 4746 hoc
1700 4669 1867 4773 peliimum

454 4763 514 4835 el't.
542 4764 640 4835 Unde
663 4764 764 4839 tabidi
780 4774 841 4841 lsoc
859 4767 937 4869 sape
951 4775 1139 4868 patiuntur,
1163 4792 1203 4843 ut
1225 4793 1330 4868 quum
1354 4794 1440 4842 mors
1463 4774 1553 4844 instet
1577 4780 1612 4846 δι
1637 4776 1810 4849 horream,
1834 4774 1871 4840 lie

452 4858 631 4935 obdormirit
647 4861 785 4938 babeant
808 4870 984 4965 quemdam
1008 4867 1220 4949 memorab,
1244 4889 1282 4941 ut
1306 4888 1400 4940 notat
1432 4876 1642 4971 Hippocrates
1673 4877 1706 4943 in
1736 4872 1870 4944 Coatiss

449 4969 487 5042 δι
510 4959 640 5065 spetiem
664 4970 842 5063 quamdam
865 4970 1159 5067 leucophlegmatia
1181 4972 1373 5068 Hippocrati
1403 4988 1433 5040 2.
1461 4974 1590 5046 Prorrlr
1615 4978 1701 5068 flego
1725 4968 1871 5088 euenor

733 5097 737 5106 ·
1722 5086 1823 5139 ineer-

459 4260 574 4347 coln,
599 4290 692 4342 vocat
721 4293 751 4338 2.
778 4273 818 4342 de
841 4276 934 4343 Diaet.
954 4276 987 4340 in
1012 4276 1145 4348 acutis,
1169 4295 1274 4365 quum
