4534 5850
623 497 863 572 asarum.
891 493 1276 577 aramentum.
1327 510 1401 582 ro.
1428 507 1470 585 τ.
1644 548 1715 620 2„

339 634 407 710 'sert
429 636 646 710 vehementem
669 642 807 736 aliquem
830 636 1006 718 effestum,
1032 637 1145 709 Galen,
1170 638 1297 709 Comm.
1314 644 1349 705 in
1376 635 1559 736 Aphorisln.
1581 665 1633 734 51.
1659 643 1751 719 lib.6
1762 665 1765 684 '

344 741 395 808 Sic
421 732 580 835 sphacclus
603 764 668 808 non
700 759 768 810 tam
800 734 842 808 ab
874 739 1013 807 humore
1044 735 1088 806 est
1123 761 1224 832 quam
1258 759 1357 834 prava
1389 733 1507 809 cerebri
1541 737 1741 843 dispostione

342 839 467 933 Qum
490 832 532 905 ab
555 838 688 907 humore
714 836 781 917 cst,
806 839 951 936 plurium
975 837 1102 905 dierum
1128 828 1225 908 usura
1248 837 1448 907 conceditur.
1473 841 1561 911 Hinc
1580 840 1765 940 Aphorism,
1850 887 1861 902 ·

351 958 408 1025 5¹·
439 929 491 1030 lib.
528 940 558 1002 6.
587 930 702 1034 septem
737 938 862 1007 dierum
896 938 1068 1013 meminit,
1100 935 1192 1030 quod
1227 934 1366 1003 Galenus
1401 953 1506 1008 tamen
1545 965 1612 1011 non
1643 938 1764 1042 probae

341 1055 450 1127 quum
475 1034 512 1103 sit
535 1027 807 1129 p'lslur,s1gnum
832 1031 923 1105 sortis
947 1034 1137 1133 apoplexiae.
1164 1035 1244 1104 Non
1269 1034 1330 1101 sine
1355 1035 1475 1105 ratione
1498 1031 1615 1134 septem
1639 1044 1766 1121 dierum

344 1135 520 1213 memmit,
544 1137 636 1228 quod
662 1155 725 1205 tem
750 1158 788 1203 us
812 1128 905 1202 suum
930 1131 1004 1201 est:
1038 1156 1114 1203 nam
1139 1135 1239 1203 vitam
1264 1129 1404 1200 nostram
1432 1156 1464 1219 7.
1483 1135 1605 1210 dierum
1628 1139 1690 1212 eise
1708 1144 1777 1220 des

345 1230 497 1302 monstrat
530 1237 687 1332 Hippocr.
705 1162 761 1304 lib.
788 1232 827 1301 de
851 1211 1040 1302 Carnibus.
1076 1232 1150 1301 Alia
1183 1231 1364 1319 conjee⁰tura
1397 1231 1437 1300 de
1467 1226 1609 1330 sphacelo
1643 1236 1791 1312 cerebri*

343 1327 406 1400 est.
435 1331 566 1401 Possunt
591 1331 717 1400 dolores
742 1334 851 1429 capitis
887 1331 985 1412 adesse
1019 1353 1103 1427 quos
1136 1350 1205 1403 aut·
1227 1329 1485 1423 haemorrhagia‚
1518 1353 1575 1404 aut
1600 1342 1688 1434 puris
1711 1362 1767 1410 ex,

344 1432 441 1517 cretio
468 1424 596 1510 solvat,
627 1450 685 1500 aut
707 1455 764 1529 per
787 1451 876 1500 aures
900 1452 959 1501 aut
983 1454 1073 1502 nares
1105 1433 1127 1499 ss
1161 1426 1298 1501 frontem
1322 1448 1379 1499 aut
1405 1448 1547 1531 tempora
1579 1458 1767 1534 occupent.¹

343 1530 465 1622 Quum
489 1552 551 1625 pus
575 1533 607 1597 in
631 1525 778 1612 cerebro,
802 1549 858 1600 aut
883 1533 1002 1600 circum
1028 1524 1228 1600 membranas
1254 1526 1338 1600 adest
1370 1527 1421 1601 vel
1453 1533 1545 1627 quod
1571 1534 1610 1604 stt
1633 1539 1768 1614 inflam-⁸

344 1629 448 1695 matio
472 1627 521 1699 vel
546 1631 766 1727 intemperies,
792 1631 858 1698 fieri
883 1628 982 1726 potest
1007 1651 1044 1699 ut
1112 1653 1141 1699 rs
1165 1624 1314 1706 livescat,
1340 1633 1374 1698 δε
1399 1634 1447 1697 ita
1465 1631 1630 1704 rideretur.
1657 1637 1763 1730 Qod

343 1727 381 1796 δι
407 1725 496 1794 lateri
520 1729 694 1823 purulento
716 1734 822 1799 evenit
846 1746 885 1797 ut
910 1732 965 1799 fiat
989 1734 1116 1805 sam,
1142 1727 1242 1804 idest,
1282 1729 1407 1805 livens,
1433 1727 1602 1800 fideratum
1627 1731 1764 1807 comm.

342 1826 378 1892 in
403 1844 483 1920 part.
501 1847 557 1915 35.
573 1848 599 1892 r.
617 1828 656 1895 de
682 1831 778 1897 Diaet.
798 1845 884 1896 acut.
908 1834 944 1895 in
969 1827 1030 1896 hoc
1055 1821 1144 1895 sensu
1169 1818 1334 1894 cerebrum
1357 1820 1571 1913 conualles&
1587 1828 1688 1904 βλητόι
1713 1832 1762 1900 dr.

343 1923 376 1988 ei
398 1921 521 2016 potesta
546 1927 581 1993 δι
606 1926 628 1992 sr
653 1948 713 2022 pus
738 1951 803 1995 non
827 1944 936 2003 exeat,
962 1919 1049 1996 brevi
1075 1947 1186 1994 mors.
1226 1915 1403 1994 Cerebrum
1428 1943 1536 1993 autem
1559 1923 1660 2002 cavas
1684 1929 1763 2023 legi·

344 2040 436 2097 mus,
461 2014 517 2093 lib.
543 2044 574 2088 2.
596 2024 635 2092 de
661 2020 808 2103 morbis,
843 2018 904 2094 ubi
929 2024 1012 2093 idem
1035 2028 1106 2118 agit
1131 2027 1202 2122 Hip
1263 2047 1287 2091 r.
1315 2022 1406 2118 quod
1431 2028 1465 2093 &
1492 2019 1673 2121 Aphorism.
1708 2051 1768 2118 5o.·

342 2112 400 2190 lib.
423 2144 454 2203 7.
481 2120 519 2187 dc
544 2145 614 2216 quo
639 2124 690 2191 hic
714 2118 928 2223 disputatur.
962 2125 1061 2193 Porro
1086 2148 1151 2191 non
1167 2142 1202 2214 ga
1218 2123 1311 2192 'unde
1343 2115 1480 2198 slssanb
1516 2127 1636 2220 petitur
1660 2151 1760 2220 quam

344 2239 366 2287 a
392 2210 607 2290 succrescentia
632 2222 810 2292 humorum
835 2223 1017 2302 malorum,
1042 2246 1186 2316 quorum
1210 2229 1384 2292 excretione
1407 2212 1571 2290 cerebrum
1593 2225 1631 2292 fit
1644 2230 1765 2294 immo,

346 2361 371 2404 „
387 2337 435 2393 *na
460 2309 503 2384 ab
526 2323 615 2405 omni
639 2321 826 2391 affefiione:
859 2323 1036 2418 Vidparr.
1062 2314 1192 2409 15.lib.
1215 2322 1376 2414 9.l'rog11.
1403 2313 1536 2410 Quibus
1569 2318 1639 2415 post
1672 2323 1765 2392 dolo·

344 2460 371 2498 „
395 2416 443 2482 re's
468 2418 576 2512 capitis
601 2413 728 2510 sanguis
753 2440 811 2490 aut
835 2443 896 2517 pus
921 2443 986 2488 non
1011 2420 1151 2514 eruperit
1179 2418 1245 2486 lata
1269 2421 1301 2485 in
1335 2410 1499 2485 cerebrum
1530 2421 1662 2488 materia
1698 2446 1767 2490 mo-

344 2555 371 2594 „
393 2515 523 2582 riuntur
547 2508 881 2602 implacabilitatem.
909 2519 1007 2587 Unde
1032 2509 1215 2613 Aphorism.
1236 2537 1287 2582 10.
1302 2508 1359 2582 lib.
1378 2521 1409 2581 6.
1436 2514 1546 2610 Caput
1572 2517 1709 2596 dolenti,
1727 2525 1764 2591 δε

346 2657 370 2693 ‚,
394 2615 481 2680 omni
505 2636 543 2682 ex
568 2633 657 2711 parte
682 2614 800 2684 dolenti
826 2617 883 2683 nisi
907 2638 970 2713 pus
994 2635 1051 2684 aut
1075 2639 1162 2707 aqua
1187 2633 1245 2683 aut
1270 2608 1394 2706 sanguis
1419 2633 1591 2710 erumpat,
1619 2610 1761 2686 bonum.

347 2713 433 2779 inter
464 2732 579 2780 ceteros
615 2712 700 2780 locos
734 2721 870 2782 occurrit
902 2715 1062 2783 notandus
1093 2707 1149 2780 lib.
1173 2733 1203 2776 2.
1222 2712 1260 2779 dc
1284 2705 1403 2780 morbis
1427 2707 1484 2780 ubi
1509 2708 1760 2792 αιὶσφακελισμῦ

345 2804 466 2897 cerebri
491 2813 556 2900 agit
575 2835 584 2877 e
608 2803 727 2877 Causas
750 2811 834 2879 illius
858 2815 1071 2908 corruptionis
1094 2810 1251 2903 affignat,
1274 2811 1382 2902 figna,
1409 2815 1443 2879 δι
1467 2814 1675 2882 curationem.
1705 2822 1766 2883 At,

346 2930 415 3001 quc
438 2909 521 2976 inter
544 2925 646 2978 cetera
670 2909 894 2980 animadvectir
919 2913 952 2981 dc
977 2932 997 2978 a
1022 2909 1153 2992 calore,
1186 2909 1219 2971 &
1245 2931 1265 2975 a
1289 2912 1390 2975 nimio
1415 2906 1529 3000 lrigore
1554 2909 1647 2980 istum
1673 2909 1766 3011 spha-

349 3006 452 3076 celum
480 3007 562 3104 posse
586 3008 791 3099 contingere·
817 3008 941 3076 Tamen
965 3009 1056 3078 initio
1080 3000 1134 3074 lib.
1160 3027 1188 3092 3.
1215 3004 1254 3074 de
1279 2998 1398 3073 morbis
1422 3009 1517 3074 etiarn
1542 3030 1561 3076 a
1585 3031 1768 3101 magnova-

351 3101 461 3203 sorum
484 3109 670 3209 impuritate
693 3106 725 3177 id
751 3110 817 3179 fieri
843 3109 906 3179 ait.

965 3307 995 3374 'l'
1018 3304 1062 3374 0.
1113 3305 1154 3374 T.

346 3477 720 3667 TE‘KMAPEIE
745 3497 998 3580 Ὴτῦτεκμκόι.
1019 3492 1175 3577 Translata
1193 3518 1309 3573 veteres
1320 3496 1521 3598 appellarunt
1537 3501 1650 3577 σημεῖον
1660 3504 1765 3569 aaut:
1869 3477 1877 3491 ⁶
1912 3475 1926 3503 ρ

355 3684 360 3690 .
457 3598 583 3682 parali,
608 3601 670 3680 riri
683 3597 971 3681 τῦσυηομίζιᾶα.
997 3594 1180 3688 Ῥέκμαρσις,
1206 3601 1420 3688 conjcdluralis
1437 3604 1594 3694 cognitio,
1606 3604 1763 3673 vertitur,

347 3695 407 3771 Sed
427 3702 459 3770 id
478 3703 561 3773 male
583 3708 617 3772 δι
636 3706 848 3773 Grammatice
865 3721 989 3772 tantum
1010 3726 1019 3769 r
1052 3722 1181 3769 erronea
1205 3704 1290 3770 enim
1308 3701 1407 3771 versio
1423 3698 1467 3769 est
1482 3722 1587 3793 quum
1611 3693 1764 3775 manseros

346 3801 519 3880 redditur,
543 3801 724 3887 comestura
742 3827 750 3868 ε
775 3825 881 3895 quum
897 3801 1024 3894 signum
1041 3800 1077 3866 sit
1094 3792 1318 3893 syllogisticum
1336 3803 1370 3869 δι
1385 3797 1612 3879 necessarium,
1636 3793 1762 3870 desum·

348 3916 465 3967 tuma
488 3904 617 3995 propria
639 3895 789 3993 cujusque
814 3905 856 3969 rei
880 3900 1097 3975 indicatione,
1129 3921 1230 3989 quam
1259 3920 1374 3970 natura
1404 3893 1611 3997 suppeditat.
1650 3897 1766 3965 Galen,

347 3997 446 4067 Com.
466 4000 497 4065 in
516 4018 596 4092 part.
618 4019 648 4064 2.
666 3992 719 4067 lib.
750 4020 777 4063 1.
791 3997 830 4066 de
848 4000 954 4068 Diaeta
978 3992 1078 4077 ὀξέων,
1090 3989 1246 4083 rsnvcapvn
1272 3992 1498 4094 interpretatur
1521 3991 1576 4058 rid
1592 3989 1649 4076 dte*
1666 3993 1695 4058 a}
1715 4018 1762 4058 ra-

349 4090 452 4171 anub
466 4092 577 4173 ysico,
604 4099 674 4167 Nec
693 4097 794 4167 aliurn
815 4097 910 4185 hujus
927 4104 1014 4171 vocis
1030 4100 1232 4189 interpretem
1251 4117 1389 4189 quarere
1412 4097 1563 4194 oport‘et,
1594 4117 1694 4187 quam
1712 4097 1760 4191 ip

350 4187 421 4263 sum
437 4198 686 4294 Hippocratem,
710 4196 910 4272 illius,'ruco
933 4192 1070 4287 judicio,
1096 4192 1258 4264 auctorem
1288 4216 1448 4289 quatenus
1475 4197 1508 4265 in
1529 4211 1595 4263 arte
1617 4192 1765 4359 medfiss‘ll

349 4286 520 4366 usuvenit.
554 4297 601 4363 Ut
619 4302 706 4364 enim
715 4296 820 4375 illius,
836 4290 949 4367 'auctor
962 4295 1022 4375 est,
1046 4300 1092 4365 ita
1109 4288 1414 4393 proprieusucapit,
1439 4296 1687 4395 energiamquci
1711 4298 1762 4362 ius
1798 4315 1801 4319 ·

350 4400 523 4490 exprimit:
550 4387 734 4479 Τίκμαρσις,
759 4396 899 4466 cli-ratio
913 4404 1032 4491 cuique
1048 4397 1268 4465 convenienter
1287 4391 1458 4474 medendi.
1491 4395 1561 4464 Nee
1582 4396 1668 4462 enim
1693 4384 1764 4461 satis

349 4495 409 4565 eise
429 4514 520 4590 putat
535 4495 748 4590 Hippocrates
768 4489 929 4564 confusam
944 4502 1053 4565 animo'
1071 4514 1173 4560 tencre
1191 4486 1335 4564 medendi
1358 4479 1525 4585 effigiem,
1556 4488 1613 4560 nili
1627 4513 1695 4585 qua
1711 4514 1766 4558 ra-

352 4587 442 4663 tione
459 4592 532 4662 huic
554 4613 613 4661 aut
631 4593 679 4659 illi
700 4592 854 4661 medicina
869 4593 906 4663 fit
927 4590 1105 4664 faciunda,
1130 4588 1351 4684 intelligatur.
1387 4595 1500 4683 itaque
1515 4613 1623 4684 quum
1646 4604 1763 4663 veteres

350 4682 515 4775 erptiam
538 4685 708 4762 consedisti
727 4690 840 4770 essent,
867 4717 941 4786 quae
958 4695 1032 4761 artis
1049 4683 1159 4784 scopus
1176 4687 1219 4757 est
1236 4686 1278 4758 ad
1286 4712 1390 4784 ,quem
1408 4689 1568 4757 collimare
1587 4707 1731 4784 oporteat
1748 4732 1761 4765 ,

351 4787 466 4859 necesse
481 4810 612 4881 quoque
629 4786 689 4859 suit
702 4815 755 4861 eos
779 4785 974 4869 dispraeti,
998 4797 1033 4858 in
1050 4807 1216 4859 numerato
1234 4775 1377 4867 habere,
1403 4791 1437 4857 δι
1462 4776 1612 4875 πρᾶγνωσιι
1632 4834 1640 4852 .
1673 4786 1759 4879 Qum

352 4897 416 4959 tria
432 4904 547 4957 veteres
562 4889 694 4984 attigisse
705 4886 853 4963 credibile
869 4889 912 4960 est
930 4941 938 4957 .
963 4888 1054 4983 Qrid
1080 4910 1156 4982 ergo
1183 4881 1264 4957 illud
1285 4886 1381 4959 estin
1405 4911 1474 4983 quo
1501 4893 1700 4959 erraverint,
1725 4886 1762 4949 de

352 4995 468 5060 erroris
486 4980 528 5055 ab
545 4989 743 5086 Hippocrate
759 4994 987 5065 convincantur
1011 5006 1021 5064 Ξ
1048 4990 1216 5086 Quoiam
1240 4980 1394 5083 visitanti·
1428 4981 1646 5080 neglexerint:
1680 4997 1764 5072 puta

451 5090 610 5175 ,Batonis
624 5091 721 5186 Opta.
748 5091 911 5179 TomnI,
1409 5079 1443 5150 R
1631 5092 1634 5101 '
1689 5070 1718 5141 sc
