4534 5850
585 454 653 539 r84

533 598 570 645 ra
586 572 762 647 meur,
786 589 828 638 an
843 588 915 638 vcra
932 561 1035 635 feritas
1049 557 1116 663 ipsa
1132 563 1275 634 humana
1288 558 1365 633 facie
1385 555 1645 661 repraesentetur.
1680 560 1728 631 Ae
1745 558 1803 630 nili
1819 561 1939 635 inuia·

530 679 615 744 ritas
628 670 683 739 ida
696 671 822 740 virtutis
834 659 1026 760 quibusdam
1041 657 1200 733 radicibus
1213 665 1387 739 numitor,
1409 682 1522 732 eorum
1540 665 1607 735 vita
1625 665 1660 730 δι
1673 652 1867 731 ωπῐῐιατιᾶο
1881 683 1934 730 ca·

530 792 573 842 ue
589 777 625 841 δι
641 785 745 858 angue
759 769 845 861 pejus
861 769 1033 835 vitaretur.
1061 763 1211 830 Aliorum
1227 763 1353 833 vbro‘&
1372 778 1487 831 natura
1516 767 1551 832 de
1571 760 1738 830 consilium
1754 759 1852 829 laude
1865 762 1935 830 eile-

532 869 668 938 rendum
685 865 832 939 videtur,
881 864 913 930 ui
938 883 1043 953 quum
1062 859 1200 955 exprella
1217 884 1282 927 non
1299 853 1492 931 adumbrata
1508 855 1612 929 solum
1632 862 1791 930 virtutum
1809 857 1938 949 vestigia

533 961 759 1060 insequantur,
784 886 880 1029 ssl'ese
896 963 1050 1052 ignavia,
1074 959 1262 1052 desidiaque
1275 957 1468 1037 dediderint,
1491 959 1524 1029 id
1540 959 1671 1028 demum
1690 956 1777 1028 nesus
1795 957 1852 1026 eile
1871 979 1938 1026 cre-

533 1066 627 1141 dant,
650 1061 740 1155 quod
754 1083 842 1128 mens
858 1055 963 1126 nollra
976 1057 1030 1124 nisi
1047 1056 1233 1133 excolatur,
1256 1050 1453 1152 obtorpescat
1469 1103 1481 1134 ,
1511 1061 1546 1126 δι
1579 1059 1769 1149 quantulum
1785 1057 1941 1126 eruditio-

533 1166 583 1232 nis
600 1161 717 1254 vigiliae
735 1151 826 1227 nobis
840 1159 1035 1254 pepererint,
1060 1156 1092 1222 id
1101 1151 1209 1222 sensim
1219 1157 1386 1224 minuatur
1398 1149 1434 1224 ac
1444 1150 1628 1246 ‚edulesca
1655 1157 1707 1225 Sin
1724 1174 1831 1224 autem
1850 1175 1940 1222 mens

531 1257 601 1360 ipsa
616 1253 766 1329 suscitatis
786 1257 846 1324 illis
862 1255 1008 1347 igniculis
1023 1276 1107 1347 quos
1125 1272 1241 1322 natura
1260 1247 1397 1331 insevit,
1420 1256 1577 1348 agitetur,
1600 1254 1702 1324 eredit
1719 1272 1797 1346 tunc
1814 1253 1937 1347 aliquid

532 1362 686 1430 eximium
708 1355 839 1426 molitur
856 1359 945 1440 cujus
961 1352 1097 1439 jucunda
1111 1347 1260 1420 fruitione
1274 1355 1391 1420 mirum
1409 1355 1440 1419 in
1463 1354 1595 1424 modun
1610 1354 1824 1422 demulceatur
1838 1352 1939 1420 acde-

533 1459 677 1527 liniatur.
703 1455 794 1523 Nam
807 1470 885 1520 tunc
904 1469 1052 1518 contenta
1070 1445 1239 1543 satiataque
1256 1451 1397 1538 jucundo
1415 1473 1519 1520 rerum
1532 1445 1729 1548 speratarum
1749 1468 1891 1526 eventu,
1916 1449 1941 1516 fi

532 1557 613 1651 quid
629 1550 708 1621 forte
724 1569 935 1627 enervatum,
960 1548 1056 1617 molle
1073 1596 1084 1626 ,
1115 1548 1281 1617 demitium
1300 1572 1337 1618 ac
1356 1551 1570 1618 effeminatum
1587 1549 1658 1629 est,
1690 1552 1879 1625 dimittens,
1905 1570 1940 1615 ac

530 1655 607 1724 stin
625 1645 720 1748 seipsa
737 1667 909 1721 verteretur
923 1649 1092 1740 agitatione
1116 1641 1172 1716 sua
1197 1648 1295 1719 veluti
1322 1651 1489 1718 terminata
1507 1672 1545 1717 ac
1560 1642 1706 1719 conclusit
1730 1641 1944 1741 conquiescit:

533 1759 618 1849 Qua
638 1749 694 1818 nist
711 1742 925 1844 sperarentur,
947 1768 987 1815 ex
1004 1748 1179 1839 animoque
1199 1746 1363 1842 procedere
1382 1748 1510 1817 tandem
1528 1746 1611 1845 polle
1630 1742 1696 1844 spes
1712 1745 1804 1823 elles,
1829 1746 1874 1813 nil
1898 1742 1942 1813 est

533 1874 591 1920 tur
606 1867 656 1918 tot
674 1842 703 1915 se
717 1840 882 1917 laboribus
900 1847 1045 1915 homines
1056 1846 1209 1914 emacient
1224 1850 1258 1915 δι
1274 1841 1442 1937 frangant,
1465 1846 1553 1915 domi
1569 1847 1752 1938 militiaque
1765 1846 1913 1938 evigilent
1932 1888 1942 1920 ,

533 1971 677 2042 quorum
694 1949 815 2037 ingenii
835 1945 955 2015 divitia
971 1948 1007 2014 δι
1021 1961 1207 2012 ornamenta
1223 1943 1383 2040 ssepalssm
1407 1963 1603 2039 appareant,
1636 1963 1672 2012 ut
1690 1933 1838 2011 ab'omni
1859 1936 1946 2011 senc·

533 2047 632 2116 e⁰tutis
650 2039 812 2115 oblivione
823 2040 909 2112 facile
928 2043 1151 2113 vindicentur.
1177 2041 1283 2110 Missos
1300 2037 1451 2110 saciarnus
1475 2062 1527 2108 eos
1551 2047 1609 2132 qui
1630 2041 1793 2109 luculento
1810 2039 1948 2107 strenui·

532 2149 607 2215 tatis
622 2144 740 2218 militiae
757 2142 868 2213 relidco
889 2159 1078 2233 argumento
1098 2139 1260 2210 floruere.
1283 2142 1354 2211 Nos
1368 2139 1427 2233 qui
1446 2139 1651 2232 tranquillius
1674 2132 1879 2236 pacatiusque
1898 2141 1949 2205 vi-

535 2264 576 2314 ta
590 2265 691 2338 genus
706 2236 949 2317 coniciamus,
972 2263 1026 2309 eos
1042 2239 1272 2336 ampledamur
1294 2244 1329 2310 &
1354 2232 1469 2336 scripto
1486 2231 1676 2306 celebremus
1690 2259 1836 2332 quorum
1851 2235 1949 2303 indu-

532 2341 607 2414 stria
621 2344 706 2411 domi
726 2345 831 2433 viget,
856 2344 889 2410 δι
910 2339 974 2408 illic
990 2346 1127 2408 excitata
1141 2344 1204 2426 jam
1224 2333 1400 2408 liberiorem
1416 2360 1527 2408 auram
1545 2360 1564 2405 a
1588 2356 1692 2432 petens
1708 2335 1815 2433 palam
1831 2353 1946 2426 magna

531 2467 608 2510 curn
621 2441 895 2510 commendatione
914 2432 972 2506 sele
989 2438 1104 2523 jactare
1122 2435 1220 2530 potest
1237 2485 1244 2500 .
1271 2442 1351 2524 Quo
1373 2458 1411 2503 ex
1436 2458 1549 2523 genere
1564 2362 1638 2503 ibnt
1655 2438 1710 2526 qui
1725 2427 1816 2502 libris
1833 2434 1921 2501 editis
1935 2440 1946 2508 ',

532 2559 591 2608 aut
607 2539 695 2603 domi
714 2531 907 2603 elucubratis
922 2535 961 2599 de
975 2527 1164 2599 hominibus
1176 2528 1240 2596 suis
1256 2549 1417 2595 merentur
1433 2577 1441 2593 .
1468 2535 1621 2621 Quorum
1640 2556 1705 2598 ison
1719 2533 1851 2602 ludetur
1871 2552 1945 2628 ope-

531 2656 568 2701 ra
594 2632 673 2698 dum
696 2651 808 2696 eorum
839 2621 993 2696 laudibus
1008 2619 1191 2694 reviviscent
1206 2618 1377 2702 celebrati,
1402 2620 1522 2715 quibus
1546 2621 1648 2695 sensus
1674 2630 1789 2724 aliquis
1816 2628 1892 2700 inest

533 2733 651 2822 Qum
668 2748 762 2793 nemo
783 2725 862 2790 adeo
880 2745 903 2789 a
923 2727 1045 2789 ratione
1062 2721 1212 2798 deficiat,
1238 2725 1307 2790 &a
1327 2723 1458 2792 veritate
1477 2720 1602 2799 aversus
1623 2731 1680 2820 qui
1695 2751 1748 2798 eos
1763 2754 1830 2800 non
1848 2725 1947 2798 faciat

533 2826 642 2917 magni
660 2826 719 2915 qui
736 2828 770 2889 in
786 2821 821 2888 id
839 2817 1001 2888 industriae
1024 2820 1222 2890 curriculum
1244 2814 1444 2907 conjecerunt
1469 2818 1555 2904 sese,
1588 2844 1627 2894 ut
1651 2821 1796 2924 publicar
1814 2829 1947 2905 utilitati

531 2917 694 2994 servientes
711 2921 771 2990 diu
789 2918 951 3015 qodbuque
967 2920 1070 2990 multa
1086 2913 1210 2990 versant
1226 2944 1300 3015 qua
1318 2920 1446 2990 tandem
1471 2924 1505 2992 in
1529 2945 1731 2995 communem
1756 2919 1850 2997 usum
1873 2951 1950 2996 con·

531 3020 610 3094 ferre
628 3019 759 3118 polline.
788 3022 862 3090 Hoc
877 3038 987 3090 autem
1003 3042 1103 3115 geom
1118 3017 1252 3089 instituti
1268 3020 1366 3088 multi
1378 3023 1462 3091 varie
1479 3044 1642 3101 arescent,
1667 3048 1702 3093 ac
1722 3048 1832 3093 ornnes
1850 3031 1885 3095 in
1895 3019 1952 3093 sua

530 3116 669 3217 quisquc
687 3140 756 3191 arte
769 3115 1015 3198 cmsedanrur,
1036 3137 1132 3215 prout
1149 3122 1181 3187 in
1201 3141 1238 3187 ea
1256 3118 1424 3189 limatiores
1440 3143 1477 3189 ac
1491 3124 1703 3190 concinniores
1716 3122 1775 3189 elle
1789 3119 1952 3193 videbun-

529 3241 605 3290 tur.
632 3223 671 3287 ln
686 3242 753 3312 qua
769 3221 854 3288 enim
873 3211 1009 3313 quisque
1022 3237 1090 3287 arte
1112 3211 1170 3287 sese
1185 3225 1272 3287 acuit
1289 3241 1326 3286 ac
1343 3218 1497 3299 limavit,
1525 3242 1563 3289 ex
1584 3225 1651 3308 ejus
1666 3243 1749 3318 penu
1770 3220 1873 3316 potest
1893 3222 1954 3288 ali-

529 3319 612 3415 quid
626 3318 811 3415 depromere
827 3318 921 3412 quod
936 3320 1035 3412 magis
1049 3319 1216 3395 arrideat,
1244 3338 1346 3411 quam
1368 3318 1440 3388 liin
1459 3318 1583 3389 mellens
1600 3320 1732 3389 alienam
1752 3314 1866 3387 falcem
1892 3322 1955 3387 im-

530 3412 668 3487 miserit.
695 3420 743 3487 Ex
763 3417 996 3489 rmtltisautcm
1012 3410 1216 3513 scriptoribus
1236 3420 1260 3485 ii·
1279 3416 1456 3512 plurimum
1478 3414 1677 3512 profecerunt
1693 3439 1840 3512 quorum
1855 3424 1892 3487 in
1917 3440 1955 3486 ec

531 3510 655 3590 uersata
671 3515 715 3585 est
729 3539 828 3613 opera
848 3533 889 3584 ut
903 3539 1022 3586 vocum
1039 3519 1158 3607 cuique
1181 3518 1244 3587 arti
1252 3517 1569 3586 accommodatarum
1579 3520 1647 3587 vim
1667 3540 1703 3585 ac
1725 3522 1952 3615 proprietatem

531 3617 721 3709 explicarent
740 3660 748 3678 .
775 3615 806 3678 ls
826 3630 935 3679 autem
954 3606 1044 3678 labor
1061 3612 1142 3677 adeo
1154 3605 1233 3677 uber
1249 3606 1321 3685 est,
1355 3632 1391 3677 ac
1412 3612 1517 3690 lluit,
1552 3632 1592 3681 ut
1610 3633 1782 3707 tamquam>
1798 3620 1957 3713 principes

519 3707 674 3779 exsistant
688 3708 730 3774 ad
747 3706 993 3796 ingrediundnn
1008 3701 1161 3798 cupasque
1177 3712 1255 3774 artis
1272 3708 1451 3785 rationem,
1477 3733 1579 3802 quem
1595 3714 1618 3779 st
1637 3714 1755 3792 tollas,
1780 3718 1893 3783 omnia
1910 3733 1956 3780 te.

530 3800 636 3873 nebris
653 3802 796 3900 implices
809 3825 850 3871 ac
866 3803 1037 3874 involvas.
1061 3806 1141 3873 Eam
1158 3825 1288 3901 operam
1306 3796 1507 3901 susceperunt
1529 3805 1683 3905 cuiusque
1700 3817 1784 3886 artis,
1794 3808 1954 3910 proceres,¹

531 3902 624 3995 quod
639 3926 675 3973 ra
690 3924 786 4001 opera
804 3895 833 3971 s
850 3903 993 3972 tironum
999 3905 1209 3992 ,ejunitatem
1237 3908 1273 3975 δε
1295 3898 1543 3979 imbecillitatem
1560 3911 1720 3983 levaturos
1742 3911 1802 3982 else
1817 3909 1954 3981 confide-

535 4019 624 4071 rent.
651 4002 705 4072 Ne
718 4019 827 4071 aretem
844 4001 1005 4093 sigillatim
1020 4002 1160 4073 aliarum
1174 4007 1292 4072 artium
1312 4003 1523 4077 illustratores
1537 4010 1717 4103 dilignreius
1736 4014 1957 4104 inquiramus,

535 4098 628 4192 quod
648 4093 765 4190 ¹l'udore
790 4099 926 4194 plenum
944 4099 1017 4177 etr,
1050 4096 1168 4169 linibus
1186 4100 1297 4169 nostris
1312 4100 1540 4203 circumscripti
1555 4132 1658 4178 tntum
1675 4094 1796 4180 Corrai
1813 4129 1896 4204 opus
1911 4107 1958 4174 dc

535 4188 789 4263 Definitionibus
807 4194 939 4262 Medicis
957 4200 991 4263 in
1009 4199 1152 4265 medium
1170 4199 1357 4267 afferemus.
1379 4202 1575 4294 Magnarum
1593 4210 1777 4299 vigiliarum
1789 4229 1894 4305 opus,
1921 4210 1956 4274 δι

535 4292 649 4360 multis
668 4285 854 4359 nominibus
867 4294 1141 4363 commendatione
1155 4295 1293 4389 dignum
1310 4293 1531 4393 posterorum.
1555 4307 1659 4395 Quod
1674 4332 1780 4402 quum
1801 4300 1893 4375 nobis
1903 4306 1960 4373 ali-

539 4412 607 4483 qua
620 4411 660 4457 ex
676 4407 766 4485 parte
780 4410 930 4463 mancum
947 4392 1136 4472 videretur,
1169 4416 1187 4463 c
1220 4416 1253 4463 re
1273 4397 1454 4469 multotum
1485 4399 1553 4475 lore
1571 4411 1761 4503 pessumus
1774 4454 1790 4486 ‚
1818 4407 1961 4500 fioperae

539 4486 691 4576 nonnihil
709 4481 983 4559 sublbtueremus.
1011 4494 1099 4562 Hine
1117 4496 1202 4563 enim
1219 4494 1328 4563 lumen
1344 4519 1409 4589 non
1429 4507 1599 4596 acquiret,
1634 4500 1684 4576 sed
1713 4500 1963 4575 consummatius

539 4586 651 4656 edetuu
669 4634 677 4652 .
705 4588 824 4681 Neque
844 4611 920 4658 vero
938 4592 1047 4662 credat
1061 4593 1178 4687 aliquis
1194 4617 1344 4666 mancum
1364 4598 1462 4678 hoco
1484 4626 1522 4672 us
1541 4610 1645 4674 vocari
1661 4628 1680 4673 a
1696 4599 1790 4673 nobis
1807 4604 1899 4698 quod
1910 4606 1963 4680 iis,

541 4706 620 4776 quae
636 4677 751 4782 scripta
770 4688 919 4781 editaque
939 4684 1011 4760 sunt
1025 4686 1199 4762 absolutius
1216 4696 1387 4793 quidpiam·
1401 4625 1502 4772 scribi
1514 4702 1601 4771 edive
1628 4702 1718 4798 poffit
1734 4732 1745 4771 ι
1778 4704 1863 4798 quid
1877 4712 1963 4773 enim

539 4783 777 4899 operetGorraei
800 4790 960 4897 onradus?
985 4790 1064 4882 quid
1088 4814 1218 4859 omnem
1246 4795 1279 4859 in
1306 4812 1423 4888 partem
1447 4794 1638 4894 perlucidus,
1672 4796 1721 4871 sed
1750 4804 1843 4896 quod
1867 4803 1907 4873 ad
1929 4823 1967 4869 ee

541 4904 620 4977 qua
638 4900 685 4951 rta
699 4874 779 4959 terse
796 4884 956 4979 nitideque
972 4880 1085 4983 scripta
1103 4881 1176 4957 sunt
1194 4888 1324 4961 infusius
1342 4914 1432 4962 voces
1452 4896 1580 4990 aditnrgi
1593 4898 1728 4995 polline,
1753 4926 1894 4995 quartam
1914 4923 1970 4972 es-

1790 5002 1937 5099 plicatio,
1955 5048 1958 5053 -
