4534 5850
506 483 589 554 tr
639 474 1258 560 armamentorum,
1297 481 1426 551 nra.
1478 485 1522 550 11.
1604 502 1672 571 ιη
1777 534 1789 551 .

292 614 455 693 ·'conciliat
481 618 743 694 imbecillitatem.
770 623 840 691 Nec
865 623 912 693 vis
935 621 1037 689 elucet
1060 625 1095 690 δ’(
1120 643 1249 719 apparet
1274 643 1313 692 ut
1338 625 1405 693 aliis
1429 629 1462 692 in
1494 620 1692 722 temporibus
1718 664 1726 681 ·
1756 617 1829 709 Μ
1845 614 1901 710 fn-

302 723 412 815 Qod
430 723 588 791 declarant
609 715 680 817 ipsa
703 715 846 801 arbores,
871 742 945 816 quae
970 715 1044 788 folia
1068 721 1279 814 relinquentes
1301 746 1410 793 omnes
1435 718 1614 793 senescunt.
1640 727 1671 794 Si
1693 724 1725 791 id
1755 695 1900 753 imum*

303 814 494 915 quercubus
508 825 629 895 evenit,
656 842 713 888 cur
737 844 803 889 non
818 820 941 888 homini
958 813 1142 911 quercubus
1157 814 1371 891 imbecilliori?
1730 856 1736 877 :
1755 795 1876 918 23:22

360 918 489 1003 Joauna·
510 918 540 986 lc
559 917 684 988 Prevoll
713 937 874 990 autumno
896 910 992 986 febris
1018 918 1313 998 vehementissima,
1338 917 1484 992 omnium
1508 918 1727 993 membrorum
1756 943 1881 1002 moriare

306 1015 402 1087 dolor
414 1010 597 1115 asperrimus
609 1063 621 1094 ,
654 1018 886 1114 &impotentia
909 1011 992 1084 sere.
1020 1017 1205 1086 Atticularis
1228 1037 1295 1087 crat
1316 1015 1505 1111 orgasmus,
1530 1028 1566 1093 δι
1579 1022 1729 1092 laffitudo
1757 1026 1860 1101 causa.

306 1109 459 1184 ulcerosa.
487 1117 520 1186 st
544 1121 676 1185 materia
705 1120 738 1184 in
762 1119 910 1183 interiora
932 1120 1037 1210 potius
1062 1114 1222 1193 irruiss'et,
1247 1136 1375 1187 mortua
1396 1120 1561 1214 derepente
1596 1119 1695 1191 fuisset
1720 1170 1729 1189 .

304 1212 411 1282 δεᾶἰο
435 1237 520 1286 vena
545 1220 679 1312 repetita
696 1215 832 1282 contulit
861 1263 869 1278 .
896 1214 1028 1306 Sanguis
1052 1213 1097 1282 est
1121 1215 1281 1284 derraiius
1306 1217 1398 1286 valde
1423 1221 1568 1312 impurus
1604 1271 1612 1286 .
1645 1221 1733 1289 Nam

306 1313 400 1380 alieni
424 1313 568 1382 humoris
593 1333 661 1381 erat
676 1315 806 1380 mixtio.
834 1314 939 1380 Miror
956 1315 1124 1407 quomodo
1139 1315 1203 1383 sure
1217 1308 1329 1384 sudore
1344 1316 1538 1394 convaluerit
1555 1318 1564 1382 l

354 1413 464 1481 Petrus
482 1407 638 1480 Rebetius
657 1410 893 1482 adestillatione
908 1407 1025 1493 serina,
1051 1418 1086 1482 ut
1111 1414 1275 1482 diffusione
1301 1415 1465 1493 humoris,
1495 1440 1562 1484 non
1585 1439 1605 1485 a
1631 1421 1734 1512 capite

298 1529 454 1589 tantum,
473 1505 523 1579 sed
539 1510 666 1602 reliquis
681 1503 828 1606 partibus
845 1515 891 1580 ita
906 1512 1132 1606 undecumque
1147 1510 1190 1579 est
1205 1514 1383 1610 oppressus,
1409 1532 1447 1583 ut
1461 1515 1623 1585 thoracem
1650 1516 1734 1584 dila-

305 1627 372 1678 tare
388 1634 455 1677 non
470 1608 587 1707 pollet.
614 1612 794 1678 Externum
809 1629 874 1679 etat
891 1611 1032 1688 malum,
1050 1617 1085 1680 dt
1102 1611 1322 1681 dolorificum.
1349 1614 1734 1708 Cruda&malignaetat

303 1712 457 1778 materia.
484 1713 524 1778 Er
539 1709 649 1777 eadem
667 1707 711 1778 est
729 1732 805 1800 qua
826 1710 986 1778 catarrhos
1002 1703 1186 1778 sustocantcs
1204 1708 1295 1779 facit.
1322 1707 1425 1779 Febris
1442 1709 1502 1779 suit
1518 1721 1626 1807 potius
1652 1708 1733 1802 syrn-

304 1809 499 1903 ptumatica.
525 1807 640 1873 Multo
656 1807 721 1876 alvi
736 1807 900 1901 profluvio
914 1801 1066 1875 liberatus
1082 1807 1143 1873 est.
1172 1802 1375 1876 Admirabilis
1393 1808 1444 1875 hic
1460 1805 1520 1877 suit
1537 1804 1689 1886 morbus,
1700 1816 1735 1880 &

304 1909 461 2001 opinione
476 1903 684 1985 Medicorum
704 1911 823 1992 major.
852 1904 996 1971 facultas
1009 1905 1155 1972 animalis
1172 1929 1237 1972 non
1256 1924 1323 1973 erat
1341 1899 1516 1988 imbecilla,
1540 1930 1595 1978 nec
1612 1909 1737 1985 vitalis,

305 2026 364 2070 ncc
381 2002 553 2070 naturalis.
580 2004 707 2072 Mirum
728 2001 798 2080 est,
829 2002 919 2094 quod
936 1996 1079 2086 ivr'hortr
1105 2002 1267 2081 corrmlit3
1292 1997 1341 2073 scd
1367 2028 1402 2075 m
1419 2032 1484 2074 non
1517 2027 1583 2076 tarn
1609 2003 1672 2076 suit
1693 2001 1737 2076 ab

305 2095 525 2182 imbecillitate
543 2120 682 2179 nature,
706 2124 809 2194 qnam
834 2124 854 2170 a
880 2099 1064 2196 particulari
1090 2103 1300 2172 redundantia
1326 2104 1475 2191 humoris
1500 2125 1650 2177 naturam
1666 2129 1737 2174 mo-
1822 2127 1827 2139 ·

303 2197 457 2276 lestantis-
480 2200 572 2270 Circa
589 2200 780 2269 tricesimum
799 2218 859 2270 aut
884 2223 938 2287 35.
956 2199 1041 2267 diem
1056 2193 1153 2267 sudor
1171 2192 1363 2295 subfrigidus
1387 2208 1494 2301 erupit
1519 2222 1589 2272 toto
1625 2227 1739 2300 corpo-

306 2321 359 2373 re,
385 2295 514 2380 foerens,
537 2304 571 2367 δι
596 2317 785 2367 venenatus.
813 2293 921 2365 Infecit
938 2303 1025 2364 enim
1048 2320 1119 2367 eam
1144 2298 1327 2380 custodem,
1351 2325 1425 2393 quae
1452 2324 1586 2371 manum
1613 2305 1739 2399 corpori

309 2391 438 2465 sudanti
461 2396 693 2495 applicaverat.

357 2492 507 2577 lofferius
523 2497 731 2573 Procurator,
756 2515 878 2588 magno
892 2509 981 2564 metu
999 2498 1147 2572 territus,
1172 2497 1299 2589 aliquot
1316 2495 1386 2595 post
1410 2491 1523 2566 diebus
1552 2497 1739 2596 hypochon-

311 2593 423 2661 drium
438 2587 597 2664 finistrum
617 2595 739 2663 doluit.
767 2597 797 2663 A
824 2612 927 2665 vetere
943 2593 1143 2684 cacochymia
1161 2588 1264 2662 serum
1283 2616 1378 2692 putre
1393 2591 1534 2666 subierat
1548 2595 1737 2691 partesistas,

311 2696 489 2764 &viserat
509 2688 685 2765 atrabilarii
697 2694 858 2763 humoris.
883 2691 974 2762 Sesea
991 2691 1093 2761 statim
1112 2715 1208 2763 vena.
1236 2696 1401 2765 Neutrum
1410 2699 1443 2764 in
1458 2691 1738 2766 latusdecumbcrc

309 2809 433 2888 poterat
455 2788 586 2878 ἀπιῖμτυς
614 2789 695 2861 fere.
721 2792 755 2860 Si
779 2785 902 2861 biberet
927 2798 1062 2869 vinum,
1087 2791 1165 2861 illud
1191 2793 1332 2864 dolorem
1358 2788 1527 2873 afferebat,
1553 2790 1737 2865 &sensum

311 2884 478 2977 cujusdam
502 2893 704 2961 acrimonia.
740 2891 806 2960 Ter
830 2911 1049 2987 repurgams‚
1074 2895 1109 2961 δι
1132 2896 1266 2964 materia
1298 2891 1454 2966 feculenta
1486 2893 1580 2968 valde
1612 2890 1736 2967 exclusa

309 2989 493 3058 convaluit.
1084 3035 1086 3040 ι

359 3089 497 3158 Carolus
512 3091 544 3156 in
561 3092 740 3160 coemeterio
756 3088 861 3160 Saneii
879 3090 1012 3173 Joannis
1029 3083 1239 3187 supprelhonc
1270 3097 1371 3161 utinae
1400 3086 1569 3161 laborabat
1586 3139 1595 3155 .
1627 3093 1740 3160 Credi-

312 3181 377 3256 bile
394 3185 438 3256 est
453 3188 485 3256 id
499 3183 585 3259 fuisse
601 3212 620 3257 a
637 3191 819 3287 phlegmate
843 3185 1041 3267 obstruente,
1065 3190 1228 3258 accedente
1249 3195 1283 3261 ee
1309 3190 1466 3258 nonnullo
1492 3210 1620 3257 rumore
1643 3184 1740 3258 osculi

311 3288 434 3358 velita.
462 3287 567 3358 Dolor
591 3314 660 3357 non
684 3310 770 3366 erat,
794 3295 904 3381 itaque
929 3312 985 3357 nec
1010 3288 1242 3357 inflammatio.
1272 3291 1400 3359 Mirum
1434 3312 1476 3358 an
1506 3306 1617 3357 tumor
1653 3288 1740 3356 dere·
1773 3289 1781 3303 ⁸

309 3407 408 3484 pente
423 3388 490 3455 fieri
506 3393 664 3481 potuerit.
691 3381 885 3456 Conabarur
900 3408 1078 3454 excernere.
1107 3388 1253 3453 Conatus
1270 3385 1324 3452 iste
1345 3394 1378 3452 in
1395 3409 1526 3483 corpore
1535 3390 1662 3481 impuro
1673 3410 1742 3455 ma-

310 3487 427 3554 teriam
440 3485 481 3550 ad
497 3484 630 3553 vesicam
645 3485 853 3578 praecipitavit
869 3529 877 3546 .
903 3475 1106 3551 Concursum
1120 3476 1167 3546 est
1184 3482 1224 3547 ad
1237 3483 1412 3549 diuretica.
1450 3483 1578 3550 Maium
1606 3481 1743 3552 aucium

310 3581 375 3652 cst.
406 3582 514 3650 Vefica
529 3574 725 3678 implebatur
741 3581 853 3656 urina,
878 3574 929 3648 sed
944 3579 1067 3671 aliquid
1083 3571 1290 3675 impediebat.
1321 3582 1566 3649 Diurcticorum
1592 3574 1742 3651 usufaetx

306 3678 356 3751 cst
371 3680 548 3749 humorum
568 3680 668 3751 veluti
685 3674 824 3749 conserta
845 3684 880 3746 in
906 3678 1036 3749 vesicam
1056 3678 1230 3842 prolspslo·
1262 3674 1474 3747 Testabantur
1498 3682 1614 3749 urina.
1648 3681 1740 3751 Nam

1129 3701 1146 3745 a

310 3773 439 3878 copioso
458 3773 631 3850 sedimento
646 3798 734 3849 erant
753 3778 873 3875 plena.
901 3780 947 3846 At
965 3801 1030 3845 non
1043 3797 1111 3846 erar
1139 3778 1333 3845 cdimentum
1360 3781 1485 3874 proprie
1504 3779 1631 3849 dimin
1642 3804 1653 3859 3
1689 3774 1740 3850 sed

311 3880 495 3950 bumorrun
512 3880 681 3953 colluvies.
708 3878 853 3946 Tandem
875 3870 1085 3973 deprehensus
1101 3894 1210 3945 tumor
1228 3870 1325 3944 osculi
1345 3877 1448 3947 vesrcae
1469 3877 1557 3947 milio
1575 3882 1610 3945 in
1637 3899 1740 3947 anum

302 3979 347 4048 -di
372 3981 435 4046 iro.
462 3978 579 4046 Multis
592 3970 840 4047 remollientibus
864 3977 993 4062 adjutus
1016 3974 1075 4043 est.
1102 3976 1301 4046 Convaluit.
1331 3979 1414 4043 Ante
1430 3976 1741 4046 nullomodoexcer-

310 4100 354 4149 ne
398 4095 412 4146 t
432 4079 577 4152 urinam,
601 4077 659 4144 nist
673 4074 808 4144 immillo
822 4076 995 4145 carhetere.
1022 4074 1113 4143 Malo
1128 4074 1283 4143 desinente
1308 4067 1444 4143 succcssit
1459 4078 1569 4167 ingens
1587 4069 1675 4143 scroti
1685 4094 1738 4145 tu-

312 4201 406 4247 mor.
435 4178 532 4247 Unde
547 4177 627 4245 hoct

366 4276 503 4361 Joannes
531 4270 690 4347 Lescotius
711 4269 814 4357 febre,
846 4278 966 4346 decimo
995 4281 1113 4369 quinto
1134 4297 1279 4370 quoquc⁴
1297 4275 1347 4344 die
1371 4271 1537 4346 manifesto
1565 4283 1740 4374 repetentes

315 4375 540 4475 prehenditur.
568 4375 736 4446 Ieieriodcs
752 4396 838 4451 erat,
864 4381 898 4446 &
917 4376 1139 4444 melancholico
1159 4370 1301 4445 habitu.
1373 4395 1465 4445 arura
1489 4373 1533 4444 est
1554 4374 1739 4469 hypochon-
1773 4411 1917 4484 mum

314 4477 459 4546 tiriacus.
487 4477 609 4546 Omnia
618 4477 704 4569 signa
717 4470 850 4543 adsunt.
877 4476 1001 4543 Deinde
1016 4470 1109 4543 febris
1127 4474 1318 4570 aliumtypu
1364 4468 1519 4547 servavit,
1544 4471 1737 4543 deindenul-
1770 4494 1919 4571 efficiam,

313 4576 407 4649 lum,
423 4568 471 4643 sed
489 4583 620 4647 erratica
639 4575 734 4673 plane
751 4569 833 4641 suit.
860 4572 981 4642 Omnia
995 4590 1066 4643 tuta
1077 4568 1229 4642 timebat.
1257 4566 1443 4644 hreuntibus
1459 4564 1652 4668 paroxysmis
1660 4590 1736 4666 pro-
1771 4600 1803 4639 ax
1820 4577 1917 4635 huma-

314 4665 408 4739 fusus
423 4694 489 4742 erat
506 4680 538 4744 in
553 4671 667 4746 risum.
694 4672 924 4757 Tirillationem
938 4666 967 4739 li:
982 4655 1260 4742 sentirenaraba(
1289 4674 1336 4740 Ac
1359 4662 1601 4758 conjiciebamus
1634 4690 1736 4737 acrem
1771 4679 1834 4721 rum
1856 4659 1919 4756 [aaa

314 4772 507 4848 humorem,
521 4776 623 4843 smum
637 4773 888 4873 diaphragmatis
907 4772 1028 4840 irritare
1051 4775 1086 4839 δι
1103 4771 1248 4839 titillare.
1285 4770 1400 4839 Praeter
1431 4771 1612 4869 opinionem
1645 4770 1736 4872 citius¹
1767 4758 1904 4894 ffi‘t'g'

318 4866 505 4940 convaluit.
532 4872 794 4955 Iuveruntillum
802 4871 979 4968 plurimum
987 4872 1190 4968 purgationes
1201 4863 1634 4947 blandae‚&exintervallis.
1664 4856 1734 4929 Ubi
1767 4897 1847 4972 sm}
1861 4922 1921 4961 w

313 4993 386 5038 non
405 4988 472 5037 tam
487 4968 702 5051 diathestsest‚
724 4995 826 5067 quam
839 4971 1019 5040 humorum
1032 4972 1207 5063 congeries,
1232 4961 1275 5034 ibi
1301 4964 1387 5037 facile
1402 4962 1506 5036 morbi
1531 4963 1566 5027 fit
1576 4958 1734 5045 depulsio·
1772 4978 1924 5060 borumsi·

361 5128 367 5140 ,
423 5068 566 5136 Ballonii
589 5073 685 5164 Oper.
712 5074 876 5139 Tomurl.
1323 5061 1358 5130 H
1414 5086 1428 5149 3
1630 5047 1691 5121 Ju.
1773 5058 1923 5128 lurionem.
