4534 5850
518 425 1527 552 ar'nrrrtutrruumnrnn.
1628 503 1698 569 237

307 644 362 699 ma
386 626 509 699 virium
534 624 712 694 infirmitate
735 613 846 687 testata
862 612 926 694 est,
949 631 1024 687 tuto
1047 623 1147 687 etiam
1171 614 1319 689 celebrari
1346 645 1432 694 venae
1441 617 1623 692 sesiionem.
1651 627 1727 693 fors

307 744 342 794 re
365 727 455 794 enirn
479 744 594 795 venam
617 719 778 792 voluimus
793 709 904 792 secari,
928 718 965 785 &
978 717 1066 812 quast
1090 717 1179 788 aliud
1204 722 1374 815 agitantes,
1404 723 1557 793 miraculo
1580 724 1727 815 quodam

305 823 416 897 levius
439 822 531 891 tulit.
558 819 701 890 Audaces
726 812 855 885 sortum
872 819 983 902 juvat.

363 923 449 991 ldem
471 924 565 991 etiam
587 919 707 1017 experti
730 908 842 985 sumus
864 917 899 982 in
918 921 1022 982 'uxore
1045 915 1211 1005 cujusdam
1235 912 1367 1014 Hispani
1390 941 1408 988 e
1433 925 1559 1015 regione
1585 914 1728 1016 Hospitii
1755 905 1788 957 'i'
1803 897 1871 973 Μ’

309 1021 500 1091 Lothareni.
528 1018 647 1088 Loehia
671 1040 737 1085 non
761 1008 842 1084 bene
865 1006 1104 1108 responderant.
1131 1015 1238 1086 Dolor
1260 1019 1303 1089 ad
1327 1011 1473 1100 lumbos,
1505 1025 1539 1092 δε
1564 1027 1726 1114 regionem
1748 996 1873 1124 ζῶς’

308 1121 398 1190 lienis
413 1113 644 1216 implacabilis.
671 1114 838 1186 Audacius
852 1105 933 1181 seen
957 1135 1037 1185 vena
1061 1110 1199 1212 profuit.
1751 1165 1816 1206 „m
1833 1164 1851 1199 a

357 1219 503 1288 Gratiani
528 1220 612 1288 latus
644 1215 781 1283 dolentis
803 1212 945 1283 notanda
968 1211 1116 1283 historia.
1142 1216 1243 1286 Series
1261 1211 1349 1286 setta
1374 1240 1470 1298 vena,
1507 1211 1583 1312 saep'e
1617 1241 1729 1316 repur-
1753 1232 1850 1289 daun

310 1337 403 1411 gatus
426 1314 488 1385 est.
516 1313 681 1386 Miraculo
704 1311 815 1383 evasit.
842 1313 914 1379 Fere
939 1309 1084 1382 ibiericus
1107 1322 1198 1394 era't,
1223 1311 1406 1410 &sanguis
1431 1312 1599 1390 innuisse.
1625 1321 1731 1397 Etiam
1748 1313 1874 1390 secanda

311 1423 344 1484 in
369 1437 488 1508 magna
504 1415 713 1504 sscacochyrnia
738 1411 923 1480 audendum
946 1410 1007 1490 cst,
1031 1435 1087 1482 nec
1109 1412 1317 1484 diffidendum
1343 1420 1388 1486 ita
1412 1409 1549 1489 viribus.
1577 1416 1638 1486 Hae
1646 1419 1732 1487 urim
1757 1415 1849 1456 vena.

310 1533 513 1592 recreantur,
537 1512 637 1610 prout
660 1511 700 1580 de
722 1503 854 1579 saburra
875 1509 1055 1581 detmdium
1080 1507 1194 1582 suerit.
1317 1577 1320 1583 .

360 1614 427 1684 Filii
453 1614 504 1682 D..
523 1611 622 1684 Poille
645 1604 844 1696 observanda
867 1605 1014 1679 historia.
1043 1609 1214 1682 falluntur
1235 1616 1356 1712 quippe
1392 1607 1469 1710 sape
1503 1614 1641 1692 Medici,
1673 1617 1734 1708 qui

309 1715 476 1785 audientes
499 1706 600 1795 plebe
623 1709 789 1800 quoddam
815 1705 964 1793 jonstum
986 1730 1061 1777 curn
1085 1710 1195 1780 dolore
1219 1711 1351 1790 lateris,
1375 1735 1452 1779 cum
1483 1734 1521 1779 er
1559 1712 1734 1782 &oratione

311 1817 448 1905 exigua3
472 1809 512 1875 de
529 1806 649 1875 sinistro
672 1808 716 1872 rei
743 1823 858 1875 eventu
883 1798 968 1899 pras
1002 1808 1089 1873 lunt.
1113 1807 1178 1879 iste
1201 1809 1364 1879 conualuit
1378 1827 1488 1902 praeter
1565 1833 1616 1877 rn.
1631 1806 1736 1898 *Etle-

310 1907 379 1978 bris
403 1923 471 1975 etat
481 1910 591 2002 potius
604 1901 781 1973 essentialis.
806 1905 844 1969 ln
857 1907 948 1970 omni
960 1827 1048 1971 seire
1062 1901 1229 1983 essentiali,
1243 1929 1349 1999 quum
1361 1905 1489 1995 junctus
1506 1929 1523 1973 e
1563 1908 1738 1976 latetisdo-

311 2011 385 2085 lor,
401 1998 486 2074 febre
502 2001 614 2081 auda,
628 2002 722 2069 dolor
740 2019 896 2093 augetur.
926 2006 972 2069 At
986 2004 1020 2068 in
1035 2023 1109 2072 uera
1131 2004 1297 2099 pleuritide
1313 2018 1448 2099 augetur
1463 1998 1557 2077 febris
1572 2005 1736 2076 ausiodo-

310 2109 398 2176 lore.
425 2104 524 2173 Filius
539 2095 771 2173 Damisellade
788 2101 958 2169 Mommor
980 2101 1015 2168 id
1031 2097 1162 2170 testatus
1182 2101 1247 2181 est,
1270 2104 1310 2173 de
1335 2128 1405 2202 quo
1426 2124 1517 2174 ante.
1551 2109 1592 2175 Et
1616 2107 1735 2175 Medici

310 2206 489 2304 plurimum
513 2197 629 2272 debent
648 2199 915 2277 animadvertere,
939 2217 978 2270 ut
998 2194 1231 2296 dignoscantan
1241 2197 1335 2275 febris
1359 2203 1396 2275 su
1409 2201 1585 2282 essentialis,
1608 2227 1735 2281 airaon,

314 2307 445 2400 quoties
462 2307 572 2393 agitur
584 2301 624 2368 de
638 2300 748 2368 dolore
761 2298 881 2369 lateris.

367 2392 575 2472 Admirabilis
588 2392 720 2468 morbus
733 2401 766 2467 in
784 2392 955 2468 Damisella
971 2398 1011 2469 de
1028 2400 1171 2472 Lovans·
1198 2402 1340 2473 collecta
1357 2417 1426 2471 erat
1443 2394 1630 2472 incredibilis
1647 2405 1738 2498 eopia
1761 2397 1880 2472 nmina

312 2502 460 2572 humoris
477 2495 540 2569 sere
553 2498 716 2596 purulenti
733 2501 768 2564 in
780 2490 1010 2594 pulmonibus.
1034 2500 1134 2569 Calor
1148 2521 1214 2570 erat
1230 2495 1458 2570 intolerabilis.
1485 2503 1637 2570 Animam
1652 2503 1739 2571 vide·

311 2597 410 2670 batur
424 2598 551 2675 efflare,
578 2601 613 2666 δε
672 2618 710 2664 ne
723 2587 889 2664 deficiebat
903 2601 1030 2664 animo.
1055 2593 1355 2677 increscentesebre,
1378 2593 1554 2689 juvabatur
1562 2598 1740 2693 plurimum

313 2691 538 2893 iiiiii&
549 2693 1005 2864 irsrffiltmllllii
1019 2687 1177 2865 'llll
1192 2695 1740 2892 ἇῗὲῗωῖιῗρᾶἔάῗωιῗὶἕῆἶξῖἷὲ

312 2893 539 2974 insistendum,
553 2884 860 2985 marimeiisquibus
866 2897 980 2987 corpus
994 2887 1038 2959 est
1047 2891 1222 2981 manicon
1231 2894 1595 2975 ,delicatum‚difluens,
1606 2894 1741 2983 muli&

289 2995 379 3078 ὴ,
403 2998 440 3063 lis
458 2994 581 3091 plenius
597 2993 786 3063 alimentum
800 2989 959 3058 dandum.
987 2991 1091 3058 Immo
1114 2994 1210 3058 etiam
1229 2997 1263 3059 in
1286 2982 1478 3089 paroxysmis
1491 2989 1742 3068 consulendum.

365 3095 471 3165 Credo
482 3098 546 3181 jam
565 3087 722 3161 annotasse
739 3089 780 3158 de
795 3081 937 3160 setvoD.
953 3086 993 3156 de
1003 3088 1168 3157 Granville
1182 3084 1325 3175 despue,
1352 3086 1518 3187 pituitoso.
1545 3093 1634 3161 Huic
1649 3097 1742 3187 pedes

309 3212 469 3292 perpetuo
492 3214 578 3287 aqua
593 3192 720 3263 madent
736 3195 772 3262 vi
784 3204 907 3258 natura
920 3180 1114 3256 secernentis.
1142 3189 1182 3255 Et
1195 3190 1362 3260 annotavit
1377 3188 1558 3284 Chimrgus
1582 3190 1623 3259 de
1657 3193 1722 3262 alio
1731 3232 1748 3274 <„

307 3318 336 3363 -e
359 3296 448 3380 cujus
463 3281 596 3389 pedibus
612 3285 765 3360 effluebat
781 3310 869 3382 aqua
883 3278 1067 3381 conspicua,
1091 3306 1209 3378 magna
1227 3279 1297 3356 satis
1311 3289 1508 3380 quantitate.
1848 3282 1860 3291 ⁸

382 3394 530 3460 Domina
549 3390 589 3457 de
607 3386 834 3481 Mallcpnrault
847 3385 959 3474 lingua
972 3384 1060 3453 velut
1079 3382 1205 3464 exusta,
1231 3389 1267 3455 δε
1291 3381 1415 3469 aptabile
1436 3391 1532 3456 etiam
1567 3388 1647 3457 dum
1671 3381 1744 3461 sana

320 3487 385 3560 est.
413 3481 619 3557 Admirabilis
641 3480 1046 3580 esthypoehondriacorum
1068 3475 1225 3575 dispositio
1232 3528 1244 3560 ‚
1267 3476 1434 3576 prasertim
1457 3508 1564 3577 quum
1571 3490 1634 3575 jam
1643 3485 1745 3560 mina

318 3586 490 3685 quoddam
511 3581 575 3655 est.
602 3583 729 3654 interna
753 3582 839 3651 enim
861 3573 986 3648 adustio
1003 3573 1067 3655 eli,
1090 3584 1126 3651 dc
1152 3579 1342 3654 vermiculus
1357 3577 1446 3653 facile
1463 3585 1676 3654 communicat
1688 3603 1744 3653 tu·

322 3694 403 3759 niere
427 3687 471 3755 lin
519 3710 563 3756 te.
1061 3710 1063 3714 ·
1523 3741 1526 3746 .

316 3832 322 3839 -
370 3704 538 3879 Cogrtagtuus
553 3787 598 3856 D.
629 3781 759 3875 Dodyer
785 3779 999 3853 procuratoris
1029 3779 1122 3853 uleus
1146 3785 1321 3879 antiquum
1343 3789 1379 3855 in
1413 3778 1494 3858 tibia
1517 3781 1638 3856 habet.
1665 3785 1740 3854 Hoc

318 3885 499 3980 aliquando
514 3887 686 3954 cinatricem
701 3883 828 3953 videtur
843 3903 971 3977 capere.
996 3884 1112 3975 Qrum
1131 3879 1303 3963 evanescit,
1327 3886 1526 3975 cardiogrnos
1549 3884 1612 3963 est,
1637 3889 1671 3952 &
1692 3886 1743 3953 ui·

322 3992 413 4057 n‘um
436 3984 616 4053 infirmitas·
643 3986 684 4053 lit
707 3975 829 4079 semper
853 3978 1029 4054 duretent,
1052 3997 1091 4048 ut
1113 3983 1185 4049 ait.
1212 3981 1410 4050 Admiranda
1433 3979 1477 4050 est
1500 3977 1669 4077 supprellio
1691 4004 1746 4048 ex-

1763 3852 1876 3913 Malum

1763 3939 1828 4014 [ψ

1767 4039 1855 4098 quum

322 4086 475 4157 crementi
492 4084 590 4154 liuere
613 4075 711 4154 soliti.
746 4124 748 4128 ·
1769 4111 1846 4163 mr,

316 4225 320 4234 ·
376 4184 450 4254 Filia
470 4180 600 4280 Jogone
616 4180 827 4254 laditudinem
840 4170 983 4250 habebat
1006 4172 1207 4259 ulcerosam,
1233 4183 1268 4250 u
1300 4182 1400 4254 veluti
1425 4180 1589 4277 quoddam
1614 4178 1747 4277 erysipe-
1771 4204 1859 4264 qum

327 4286 374 4357 las
397 4284 645 4381 phlegmonodes
658 4301 832 4377 utramque
844 4274 960 4350 tibiam
974 4272 1167 4378 pervaserat.
1194 4284 1282 4355 Huic
1295 4278 1417 4380 profuit
1434 4302 1522 4353 terna
1538 4303 1624 4355 venae
1634 4278 1743 4350 sectio.
1768 4271 1849 4367 ulcus

324 4383 495 4457 vetranio
509 4378 594 4454 fabia
617 4400 656 4452 er
678 4400 819 4477 utroque
842 4375 993 4451 brachio.
1019 4378 1249 4477 impurissimus
1271 4380 1339 4454 e'rat
1354 4377 1493 4478 salignis.
1581 4388 1585 4394 '
1617 4434 1620 4439 ·
1772 4349 1902 4494 wi?

377 4484 486 4554 Uxori
501 4483 638 4555 Domini
652 4485 754 4572 Boyer
776 4482 861 4549 idem
878 4484 1029 4571 contigit.
1055 4480 1209 4550 Dolorad
1225 4487 1373 4573 inguina·
1403 4478 1641 4559 phlebotomia,
1667 4488 1745 4554 &ca
1772 4534 1820 4578 m

328 4578 565 4750 fissmrepttitm
584 4577 723 4680 prosuit.
751 4579 864 4672 Dolor
878 4569 1083 4676 implacabilis
1115 4579 1314 4663 oculorum,
1347 4588 1382 4652 bt
1405 4584 1431 4650 is
1454 4577 1652 4677 profundus.
1679 4585 1746 4676 lle-
1827 4558 1838 4578 ’

332 4704 366 4750 re
440 4705 480 4749 ur
502 4688 660 4752 exituram
685 4677 788 4749 oculi.
1772 4707 1774 4711 ’

386 4780 440 4848 Ad
456 4780 572 4871 insigne
585 4774 763 4852 msondibili
787 4777 913 4847 cuidam
936 4778 1024 4871 regio
1039 4775 1208 4849 ventriculi
1238 4774 1374 4875 perculsa
1397 4779 1440 4852 est
1455 4784 1491 4851 dr
1523 4773 1653 4849 conmsa
1687 4803 1747 4879 pu·

317 4896 434 4980 ⁴gno.
469 4869 564 4957 Mt
596 4876 721 4952 fastus·
747 4871 939 4948 liberatus.
976 4878 1098 4947 lterum
1130 4895 1228 4969 atque
1256 4884 1375 4953 iterum
1412 4876 1509 4960 husee
1533 4876 1636 4949 sactus
1669 4882 1712 4953 est
1738 4917 1748 4936 .

333 4972 542 5052 Mirabantur
562 4980 645 5076 quid
665 4988 709 5053 rei
732 4976 820 5049 ellet.
846 4976 952 5047 Nulla
974 4994 1008 5063 re
1030 4994 1156 5076 poterat
1179 4978 1330 5051 mutan.
1382 5035 1386 5042 .
1669 4969 1672 4976 “

1557 5077 1706 5167 Qidam
