4534 5850
341 562 422 622 nr
551 450 599 546 t,
709 442 1654 546 sarmentorum·

343 644 430 721 fpta,
504 612 654 692 secando,
677 609 776 707 duam
793 613 869 683 alia.
896 615 974 683 Tres
988 606 1085 681 mun
1100 611 1157 682 ene
1177 613 1348 683 videntne.
1374 611 1539 690 Primum,
1563 630 1670 702 quum
1693 605 1760 679 bac
1789 617 1926 707 corpott'

345 734 466 800 corpora
507 737 614 787 aratro
628 735 720 810 apta,
744 716 844 789 dura,
860 717 895 782 δι
915 712 1079 808 compasta
1095 705 1168 780 sana
1185 713 1323 805 degant,
1348 705 1517 781 nec-facile
1539 702 1661 777 morbis
1685 709 1890 805 implicent-ur
1912 758 1924 791 ,

337 809 432 884 serv*
460 888 466 900 ‚
508 820 625 885 &non
645 814 701 879 nisi
718 815 860 904 magnis,
884 815 919 880 δι
935 805 1091 904 gravibus
1107 835 1126 879 a
1143 813 1241 881 causis
1257 803 1396 907 perculsa
1419 815 1455 879 ln
1471 801 1624 878 morbum
1650 809 1783 885 cadant,
1808 808 1925 878 stema

344 908 410 950 ’Μ’
423 903 477 1009 ’'J'
507 913 670 1007 gnirndine
687 907 785 980 coust
798 913 907 980 territa
923 904 1125 979 imbecilliora
1140 911 1334 980 redduntur.
1360 908 1527 986 Secundo,
1551 930 1654 1000 quum
1665 910 1697 974 in
1711 907 1761 975 his
1778 907 1926 978 humores

344 967 446 1112 κί’
508 1012 600 1082 crudi
618 1011 693 1087 sint,
718 1034 771 1080 nec
785 1022 851 1080 tam
867 1029 974 1106 putres
992 1010 1050 1077 sint
1064 1010 1241 1089 humores,
1265 1014 1300 1080 δι
1316 1008 1367 1078 ad
1386 1010 1583 1109 putredinem
1610 1011 1706 1102 apti,
1729 1030 1831 1099 quam
1854 1002 1926 1079 sunt

343 1134 482 1207 morbos,
508 1133 678 1207 corporum
692 1111 941 1186 delicatiorum,
966 1113 1000 1187 &
1025 1106 1256 1181 delicatioribus
1275 1109 1373 1179 ditetis
1399 1111 1576 1205 utentium,
1600 1129 1666 1173 non
1700 1101 1788 1175 facile
1820 1102 1926 1177 semnt

345 1227 466 1277 Trme.
510 1210 737 1306 plurmaciamr
763 1210 868 1276 lmmo
884 1211 917 1274 in
935 1201 1026 1275 censu
1044 1231 1215 1304 corporum
1237 1204 1385 1277 bnorum
1410 1203 1471 1275 fere
1494 1198 1683 1283 habentur,
1706 1209 1803 1273 ctiam
1819 1229 1925 1299 quum

346 1295 398 1359 ’ἃ
465 1385 470 1395 .
509 1331 592 1402 agra
609 1303 702 1384 sunt,
729 1307 814 1377 unde
827 1329 939 1374 eorum
958 1301 1062 1374 morbi
1086 1308 1175 1400 longi
1199 1302 1291 1384 sunt,
1315 1311 1350 1375 δι
1373 1326 1446 1375 ante
1468 1327 1603 1402 corpora
1622 1297 1828 1374 imbecilliora
1842 1327 1926 1373 mor-

344 1399 431 1520 ἔω
447 1383 483 1497 ’ἦ
512 1402 557 1476 bo
572 1407 721 1504 praedita,
746 1426 804 1474 aut
822 1400 945 1474 sanitati
969 1404 1110 1476 restituta
1140 1401 1236 1484 sunt,
1269 1424 1325 1476 aut
1347 1401 1451 1475 morbi
1475 1409 1507 1475 vi
1534 1397 1673 1501 perculsa
1699 1409 1734 1473 &
1758 1398 1926 1501 abrepta,

345 1480 484 1601 ,π’
511 1527 611 1599 quam
623 1504 793 1573 duriorum
815 1527 986 1600 corporum
1002 1498 1134 1577 morbus
1149 1507 1191 1574 ad
1202 1509 1431 1577 urerernentum
1446 1501 1637 1600 processerit.
1665 1504 1714 1572 Sic
1737 1526 1844 1596 quum
1855 1505 1926 1573 Me-

347 1629 441 1700 demq3
511 1606 571 1675 dici
596 1608 629 1673 in
654 1596 769 1674 vilibus
793 1600 857 1670 istis
871 1605 1034 1697 mancipiis
1056 1603 1209 1674 audacius
1233 1606 1431 1676 vacuarionts
1452 1598 1618 1676 instituant
1632 1625 1667 1671 ac
1693 1602 1925 1698 periclitentur,

348 1724 457 1783 eompa-
509 1728 575 1776 non
599 1701 756 1770 mirumsi
781 1699 874 1771 valde
899 1695 1101 1795 perturbant.
1128 1704 1219 1775 Nam
1233 1707 1267 1775 de
1292 1697 1366 1773 sana
1378 1724 1530 1798 corpora,
1554 1705 1589 1772 δι
1603 1700 1788 1769 cruditsrmis
1810 1700 1926 1769 humo-

345 1790 443 1856 rarr'o.
509 1796 601 1871 ribus
624 1795 772 1869 scatentia
786 1799 1015 1869 medicamentis
1029 1803 1158 1892 agitata
1174 1796 1398 1872 exsolvuntur.
1424 1802 1532 1869 Tertia
1556 1803 1652 1869 ratio.
1681 1803 1719 1866 ln
1741 1792 1925 1895 corporibus

510 1901 628 1978 dorsis,
651 1892 847 1974 obstruotis,
873 1905 998 1988 magnis
1022 1902 1056 1967 ἃ
1087 1899 1187 1970 densis
1220 1895 1388 1972 visceribus
1413 1899 1575 1996 praditis,
1609 1892 1654 1966 ob
1676 1897 1923 1997 compattionern

511 2023 576 2066 non
601 1995 699 2065 facilis
723 1993 786 2074 est,
810 2001 844 2064 δι
868 1999 985 2063 excitus
998 1990 1127 2077 cursus,
1151 2021 1189 2067 ac
1213 2003 1368 2095 impetus,
1391 1999 1614 2091 inclinatioque
1642 1992 1827 2094 spirituum,
1854 2022 1924 2090 qua

510 2090 636 2165 sursum
651 2118 687 2163 ac
710 2086 864 2165 deorsum¹
877 2088 950 2168 serti
975 2087 1091 2164 debent
1120 2096 1161 2162 ad
1187 2101 1327 2195 corporis
1350 2095 1594 2170 illustrationem
1617 2143 1628 2174 ,
1654 2116 1690 2167 ut
1712 2098 1830 2163 mirum
1857 2121 1925 2163 non

510 2195 566 2272 sit,
590 2195 612 2261 fi
636 2186 785 2282 ejusmodi
816 2212 951 2288 corpora
972 2187 1060 2263 facile
1083 2188 1272 2265 obruuntur
1295 2243 1308 2275 ,
1330 2201 1366 2266 δι
1390 2189 1507 2267 morbo
1532 2195 1683 2291 implicita
1713 2199 1834 2286 ignava
1856 2195 1927 2262 red·

510 2293 654 2363 ducitur.
676 2295 768 2385 Qecv
780 2292 867 2359 enim
882 2293 962 2359 ratio
985 2290 1030 2359 cst
1045 2316 1218 2388 corporum
1242 2290 1412 2367 densorum
1436 2290 1479 2365 ab
1512 2298 1706 2392 Hippocrate
1740 2291 1894 2384 affignata
1913 2340 1924 2370 ι

511 2414 550 2463 ea
564 2389 665 2488 potest
689 2389 745 2460 else
767 2412 821 2457 cot
866 2411 940 2461 rum
965 2383 1141 2462 servibum:
1167 2375 1326 2465 sere‘enim
1350 2396 1510 2475 densiora,
1534 2400 1567 2466 δι
1594 2391 1808 2490 compaffiora
1834 2386 1922 2461 sune.

509 2494 556 2560 At
572 2494 784 2588 Hippocrates
798 2489 820 2556 li
847 2539 855 2554 .
879 2488 920 2556 de
938 2483 1041 2556 morb.
1066 2492 1265 2571 mulierum,
1289 2496 1380 2562 docet
1403 2516 1537 2590 corpora
1558 2494 1728 2564 mulierum
1752 2485 1846 2560 densa
1862 2515 1924 2559 non

507 2584 671 2658 abundare
684 2587 784 2663 laste,
809 2588 887 2678 quia
912 2610 931 2654 a
956 2605 1063 2656 ventre
1086 2591 1125 2658 ad
1151 2615 1306 2661 mammas
1323 2592 1369 2663 lac
1383 2587 1471 2662 facile
1487 2617 1552 2661 non
1576 2611 1738 2687 penetret,
1761 2593 1925 2684 quumvis

506 2687 546 2755 fit
562 2680 670 2755 densa.
697 2691 795 2759 leem,
819 2688 866 2752 Hi
891 2703 1029 2780 pocrates
1059 2680 1128 2757 secl.
1158 2714 1190 2776 7.
1222 2685 1279 2759 lib.
1299 2697 1331 2757 6.
1357 2692 1448 2788 Epid.
1473 2709 1565 2761 notat
1587 2692 1627 2760 de
1651 2691 1793 2786 quadam
1817 2688 1926 2759 ondi-

507 2789 654 2862 tutione,
676 2785 710 2853 in
726 2806 795 2876 qua
818 2806 838 2853 a
862 2710 1029 2861 brenno
1042 2788 1145 2859 multa
1169 2784 1252 2861 mala
1265 2810 1479 2884 vagarentur,
1504 2784 1672 2889 presertim
1688 2796 1826 2882 angina:
1849 2792 1925 2859 Mu·

508 2882 595 2952 lieres
619 2907 683 2951 non
705 2870 939 2964 afficiebantur,
965 2877 1014 2953 sed
1039 2884 1119 2966 viti,
1146 2883 1245 2958 immo
1278 2894 1299 2959 ii
1325 2885 1492 2991 peribant:
1526 2893 1647 2963 Deinde
1672 2892 1749 2960 dum
1783 2890 1941 2983 loquitur·

452 3041 457 3072 ·.
509 2983 548 3050 de
572 2975 677 3051 liberis
697 2977 894 3077 virginibus,
919 2985 967 3054 ha
984 3008 1049 3052 non
1074 2991 1214 3079 graviter
1237 2985 1448 3072 laborabant,
1472 2988 1523 3062 sed
1543 2990 1671 3062 samolo:
1696 2990 1812 3080 siqua:
1831 2990 1927 3057 corri-

508 3102 674 3178 perentur,
698 3077 884 3156 interibant.
910 3085 959 3155 Sic
983 3086 1182 3165 notandum,
1205 3090 1294 3180 quod
1318 3083 1461 3159 summus
1485 3094 1534 3159 vir
1549 3092 1761 3181 Hippocrates
1785 3112 1852 3154 non
1861 3110 1929 3156 mo-

508 3183 552 3247 do
566 3187 601 3247 in
624 3183 802 3252 conditione
828 3188 988 3279 corporis,
1014 3178 1064 3251 sd
1081 3187 1114 3251 in
1138 3186 1316 3255 conditione
1340 3188 1413 3265 nita
1429 3181 1553 3274 aliquid
1577 3186 1667 3278 ponit
1680 3183 1929 3254 admirandum.

511 3280 631 3348 Plinius
645 3304 714 3378 cap.
748 3305 800 3370 50.
826 3277 881 3349 lib.
905 3307 936 3367 7.
963 3287 996 3350 ἃ
1023 3305 1090 3376 cap.
1117 3301 1141 3346 ι.
1167 3275 1222 3350 lib.
1247 3287 1303 3348 26⁴
1327 3274 1505 3353 observavit
1519 3281 1694 3373 aliqumido
1710 3300 1851 3373 proteres
1870 3308 1932 3376 po·

508 3380 572 3450 tius
596 3383 710 3448 tentari
743 3374 886 3461 morbis,
912 3381 1087 3474 aliquando
1122 3372 1258 3450 servos.
1286 3381 1530 3479 Explicationem
1560 3380 1653 3464 buius
1683 3373 1866 3470 quaestionis
1892 3402 1930 3448 cx

506 3470 712 3571 sequentibus
736 3503 839 3551 crues.
869 3481 993 3550 Multas
1016 3480 1094 3553 alias
1117 3485 1251 3551 rationes
1276 3484 1308 3550 in
1337 3505 1408 3552 earn
1434 3504 1501 3550 rem
1523 3481 1700 3572 consurgere
1723 3521 1738 3555 ,
1760 3480 1929 3546 commini-

509 3570 568 3653 sci,
593 3573 627 3648 δι
653 3579 849 3648 ιιιεὴίιεᾶιιή
868 3579 1043 3670 possemus.
1069 3580 1128 3646 Sed
1148 3581 1215 3646 haec
1238 3575 1366 3646 abunde
1391 3595 1503 3650 erturt,

558 3675 674 3740 Unum
691 3693 841 3740 annotare
863 3677 1053 3762 optimum,
1078 3678 1113 3739 δι
1141 3673 1340 3740 utililiimum
1358 3671 1483 3749 -fuerit,
1508 3677 1663 3764 quoniam
1687 3674 1737 3741 hic
1762 3667 1926 3769 plerospte

508 3764 575 3836 salli
600 3770 824 3861 comperimus.
851 3765 996 3856 Plerique
1017 3784 1201 3857 queruntur
1221 3770 1259 3835 de
1276 3770 1385 3837 dolore
1410 3768 1545 3865 pestoris
1570 3794 1698 3863 unaque
1724 3773 1929 3849 ventriculi,

509 3871 543 3935 δι
559 3858 615 3931 sese
631 3868 769 3931 animam
794 3863 906 3931 ducere
922 3887 985 3930 non
1012 3860 1094 3958 polse
1116 3863 1247 3934 ‹licuntr
1273 3868 1386 3936 Statim
1396 3868 1598 3937 Medicorum
1617 3870 1835 3964 quorumdam
1854 3870 1926 3939 vul-

414 3956 416 3961 ’
508 3965 638 4056 garrium
655 3965 804 4059 opinione
829 3960 867 4029 ad
884 3955 1132 4056 phlebotomiam
1153 3968 1367 4034 concurritur.
1396 3970 1441 4036 At
1459 3967 1525 4045 nil,
1549 3988 1607 4036 aut
1628 3993 1743 4065 parum
1768 3971 1891 4065 proficit
1915 4014 1924 4034 .

347 4089 458 4152 pm
511 4062 659 4132 Declarat
673 4083 779 4129 rerum
794 4067 913 4130 exitus.
942 4063 1064 4127 Etenim
1081 4061 1101 4125 si
1128 4062 1177 4131 vel
1196 4063 1321 4132 cholera
1345 4060 1476 4134 morbus
1491 4062 1654 4144 succedat,
1679 4070 1728 4137 vel
1745 4068 1813 4137 alvi
1828 4066 1926 4146 fluor,

348 4189 411 4248 cap.
436 4186 486 4233 ιι.
510 4162 560 4231 vel
585 4161 813 4230 medicamento
828 4160 951 4228 laxauite
964 4160 1055 4226 alvus
1078 4153 1277 4240 bllieitetur,
1302 4160 1463 4236 manifesta
1487 4158 1531 4234 cst
1555 4168 1705 4238 dolorum
1727 4164 1858 4238 illor'um
1883 4166 1927 4238 le÷

352 4258 403 4319 leb.
419 4271 457 4355 ς..
512 4262 616 4329 vatio.
642 4257 692 4326 Sic
707 4257 929 4347 catochymia,
949 4251 1127 4325 obstructio
1143 4260 1460 4356 hypothondriorum
1483 4265 1606 4335 dolores
1630 4263 1719 4344 satit,
1743 4268 1801 4359 qui
1825 4266 1928 4334 maxi

348 4331 491 4399 ΜΝ
511 4378 562 4425 me
587 4374 758 4452 apparent,
783 4361 819 4425 δι
835 4351 1037 4450 proferuntur
1054 4360 1087 4423 in
1105 4359 1231 4452 pectore
1247 4354 1292 4426 ob
1307 4355 1490 4434 consensum
1508 4355 1773 4462 diaplnagmaitir‚
1798 4369 1832 4432 δι
1850 4367 1948 4459 quia·

350 4421 490 4561 gtssm
513 4458 545 4523 in
562 4454 686 4525 tboraoe
698 4458 877 4524 communis
902 4451 945 4524 cst
961 4452 1167 4534 membrana,
1193 4463 1227 4528 δι
1252 4455 1402 4530 lateribus
1408 4510 1423 4543 ,
1446 4469 1481 4533 δι
1496 4464 1730 4561 diaphragmati
1744 4480 1835 4558 parte
1850 4488 1926 4532 eon-

352 4603 387 4644 e„
398 4588 488 4646 Μ.
513 4578 616 4625 vexa.
643 4555 692 4622 Sic
717 4560 750 4621 in
779 4557 814 4630 iis
838 4556 895 4646 qui
912 4554 1117 4623 melancholia
1131 4551 1268 4625 flatuosa
1286 4577 1450 4639 tenuitur,
1475 4566 1592 4631 circum
1611 4582 1783 4637 numeras,
1799 4565 1834 4630 bt
1850 4560 1927 4631 ster-

350 4682 428 4731 rare.
511 4679 593 4733 non,
618 4658 651 4720 δι
670 4653 769 4719 latera
783 4654 906 4720 dolores
930 4646 1094 4747 surgunt,
1118 4680 1159 4724 an
1180 4678 1342 4754 propterea
1366 4682 1479 4731 venam
1510 4653 1642 4727 secabis?
1667 4660 1746 4726 Non
1765 4687 1775 4738 ·,
1799 4655 1926 4755 praeset-

509 4755 569 4821 tim
586 4752 626 4821 ad
651 4752 888 4830 evacuandum3
912 4743 963 4830 sed
987 4754 1117 4831 sivelis,
1143 4760 1176 4823 δι
1204 4776 1296 4850 urget
1318 4759 1431 4835 dolor,
1455 4758 1496 4827 ad
1519 4757 1749 4851 aperiundum,
1774 4765 1808 4830 tie
1830 4754 1925 4830 liber-

510 4871 606 4920 tatem
618 4843 863 4926 obstructione,
878 4849 1109 5015 potestparva
1126 4848 1283 4945 sanguinis
1307 4855 1498 4928 densatione
1522 4860 1663 4925 occurri.
1691 4859 1741 4932 Sic
1764 4861 1925 4955 initiopa-

509 4944 748 5044 toxyffiiorum,
771 4951 853 5018 &in
889 4951 974 5054 pecie
997 4945 1128 5033 intubi,
1150 4958 1184 5023 δι
1216 4960 1396 5024 contumaci
1412 4948 1625 5026 obstruifilione
1649 4951 1821 5035 viseerum,
1844 4962 1926 5038 cxci,

1763 5075 1874 5129 tantur

405 4913 443 4959 11
