4534 5850
1667 440 1736 521 34'5

372 678 375 683 ’
524 689 1039 813 APPENDIX
1070 694 1203 797 An
1244 632 1617 811 LIBRUM

716 973 882 1042 ΠΕΡΙ
920 967 1302 1040 ΣΠΛΣΜΩΝ.

548 1259 681 1330 1le
695 1255 762 1326 US
785 1275 823 1324 ex
848 1251 971 1323 Galeno
993 1276 1053 1323 cur
1077 1247 1206 1353 pracib
1235 1248 1365 1326 cerebro
1395 1260 1535 1328 vomitm
1568 1255 1767 1361 superveniat

563 1349 707 1426 biliosus
734 1359 786 1425 An
811 1355 844 1422 id
867 1355 924 1424 fiat
947 1349 1075 1424 cerebro
1108 1349 1177 1451 ipso
1200 1349 1277 1423 calb
1303 1400 1313 1431 ,
1342 1379 1383 1425 an
1408 1353 1601 1431 membranis
1625 1357 1769 1432 silicas-

564 1453 669 1533 stedi,
692 1453 826 1551 quaellio
843 1476 974 1548 quoque
988 1452 1067 1524 fuir.
1092 1447 1270 1525 Cerebrum
1286 1458 1370 1527 enim
1380 1451 1483 1554 ipsum
1491 1456 1765 1531 insensileesseere-

564 1556 671 1633 dunt,
697 1561 730 1620 ἃ
749 1555 861 1645 siquis
870 1554 914 1638 ¹srt
925 1547 1045 1633 sensus,
1070 1571 1271 1623 cumeorum
1288 1550 1478 1625 membranis
1500 1560 1620 1656 ipfique
1634 1577 1768 1629 omento

342 1650 402 1736 lut
424 1647 612 1724 Macrobius
628 1655 794 1749 loquitur)
820 1671 984 1749 acceptum
1000 1651 1125 1724 ferunt.
1150 1653 1417 1724 TamenGalenur
1431 1658 1472 1724 ad
1483 1654 1645 1729 cerebrum
1662 1652 1766 1755 ipsum

344 1742 473 1832 causam
490 1750 581 1823 istam
599 1747 700 1822 biliosr
716 1755 856 1827 vomitus
872 1747 965 1821 refert
983 1802 992 1820 .
1018 1755 1098 1823 Non
1114 1749 1217 1822 solum
1234 1798 1245 1831 ,
1269 1757 1314 1822 ait
1330 1800 1342 1832 ,
1367 1755 1535 1826 vulnerato
1552 1752 1680 1827 cerebro
1696 1752 1765 1826 suc-

343 1848 427 1920 cedit
455 1844 566 1922 biliofi
593 1855 759 1932 comitio,
785 1846 892 1920 sed&
921 1845 1110 1935 membrana
1130 1850 1289 1921 crassiore.
1316 1856 1524 1948 Qamquam
1545 1853 1763 1934 Erasistratei,

345 1952 380 2017 de
397 1953 455 2043 qui
473 1944 594 2022 susum
610 1975 740 2024 omnem
759 1975 779 2022 a
798 1935 1150 2050 membraais'repetunt
1168 1947 1256 2021 facile
1282 1951 1405 2021 eludere
1420 1952 1536 2050 polline
1551 1955 1679 2026 dietum
1697 1957 1764 2023 Ga·

344 2047 421 2117 leni.
451 2050 513 2119 Vix
541 2055 626 2122 enim
648 2051 774 2122 incaelis
799 2044 989 2120 membranis
1013 2047 1178 2121 cerebrum
1205 2051 1415 2123 vulneratur.
1442 2053 1492 2122 Sic
1507 2055 1618 2124 eodem
1644 2048 1765 2152 semper

343 2147 576 2220 revolveretur.
603 2150 692 2222 Nam
710 2174 814 2247 quum
837 2145 979 2245 sequitur
991 2145 1142 2228 abylinae
1159 2150 1326 2244 quoddam
1342 2149 1620 2222 commemorabile
1638 2172 1769 2249 propter

342 2245 528 2326 lesionem,
552 2250 583 2317 id
612 2244 731 2348 semper
758 2253 937 2342 contingere
964 2276 1029 2318 non
1052 2271 1118 2318 tam
1135 2244 1180 2316 ob
1198 2244 1374 2318 sauciatum
1393 2246 1579 2330 cerebrum,
1602 2274 1704 2347 quam
1720 2244 1767 2320 ob

345 2343 493 2415 affcelam
512 2341 762 2429 membranam,
786 2348 924 2417 dicetur.
949 2349 1029 2418 Non
1055 2351 1238 2445 pervenitur
1266 2351 1350 2417 enim
1374 2350 1416 2417 ad
1443 2343 1608 2421 cerebrum
1628 2350 1684 2417 nisr
1709 2370 1765 2446 per

348 2444 466 2514 medias
481 2442 695 2519 membranae.

394 2543 454 2612 Sed
470 2545 534 2615 alia
548 2547 644 2640 longe
659 2545 819 2617 difficilior
834 2543 981 2641 quastio.
1014 2548 1139 2617 Dicunt
1162 2546 1297 2641 quidam
1321 2539 1536 2620 seobservalle
1559 2550 1594 2616 in
1611 2540 1767 2644 plerisque

342 2654 456 2712 corum
475 2648 534 2736 qui
551 2669 571 2713 a
588 2647 717 2716 vulnere
731 2648 842 2739 eapitis
855 2647 968 2736 insigni
988 2650 1202 2722 interierunt,
1226 2639 1397 2715 abscessum
1413 2651 1448 2713 in
1471 2668 1611 2718 concava
1625 2648 1768 2738 jecinoris

371 2757 464 2806 arte.
492 2743 544 2808 An
561 2740 594 2807 id
610 2743 666 2808 fat
683 2744 872 2828 eveniatque
889 2736 1009 2815 nescio,
1033 2735 1084 2810 sed
1110 2760 1216 2812 tamen
1240 2766 1259 2812 a
1278 2740 1432 2843 plerisque
1456 2747 1612 2839 chirurgis
1644 2745 1677 2815 id
1708 2737 1768 2811 ob-

345 2763 507 2908 lineum
531 2835 588 2908 elle
604 2838 733 2908 audivi.
760 2834 818 2902 Sed
839 2833 862 2900 sr
880 2835 956 2911 fiac,
980 2856 1046 2927 qua
1064 2841 1183 2903 ratione
1197 2846 1380 2932 contingat,
1406 2847 1441 2913 de
1456 2866 1496 2913 an
1512 2841 1722 2919 sitverisrmile
1733 2844 1766 2912 id

345 2938 413 3009 fieri
432 2935 532 3034 polle,
557 2960 653 3035 porro
670 2930 840 3031 quastione
863 2931 1001 3024 dignum
1024 2935 1103 2999 erit.
1344 2959 1347 2964 ·

398 3036 543 3107 Primum
561 3036 640 3106 illud
655 3032 700 3103 ell
721 3055 839 3106 verum
859 3030 951 3125 quod
982 3032 1053 3127 Hip
1116 3047 1198 3099 rates
1231 3033 1268 3102 δι
1302 3031 1444 3128 Galenus
1476 3029 1619 3107 scribunt
1641 3033 1770 3136 praciso

352 3131 481 3204 cerebro
500 3141 535 3207 dc
550 3130 687 3213 febrem,
712 3138 747 3205 ἃ
772 3127 843 3200 bilis
856 3133 1015 3201 vomitum
1054 3133 1256 3225 upervenire.
1284 3130 1358 3201 Bilis
1381 3135 1581 3213 revomitur,
1614 3140 1658 3204 ait
1692 3137 1765 3205 Gal.

349 3234 461 3305 alredo
478 3236 657 3309 ventriculo
669 3235 729 3329 qui
744 3224 873 3302 cerebro
891 3231 1105 3328 compatitur.
1125 3230 1177 3298 Ad
1193 3252 1229 3299 os
1243 3233 1327 3298 enirn
1368 3243 1490 3350 ropago
1507 3256 1679 3306 nervorum
1696 3235 1770 3303 infr·

351 3336 423 3428 gnis
447 3339 619 3431 pertingit.
645 3337 767 3409 Immo,
791 3334 837 3399 ait
860 3330 1020 3411 Galenus,
1042 3330 1076 3396 in
1101 3332 1225 3422 magnis
1240 3255 1423 3409 doloribus,
1447 3333 1668 3405 &vehementi
1686 3356 1769 3403 moe-

337 3454 421 3504 eote
438 3435 480 3501 ad
496 3433 709 3507 ventriculum
725 3421 833 3499 biliosa
852 3424 1216 3527 superfluitaseonfluit,
1250 3432 1384 3497 maxime
1409 3430 1433 3497 sr
1461 3431 1651 3502 ventriculus
1687 3431 1770 3501 male

354 3530 485 3602 arcein
509 3529 622 3602 fuerit.
650 3530 747 3601 Unde
770 3550 848 3623 ergo
865 3532 898 3596 in
913 3549 1054 3599 concavo
1070 3527 1193 3626 hepatis
1217 3521 1366 3596 abscessus
1390 3530 1462 3598 fiete
1486 3531 1632 3625 Qidam
1656 3530 1770 3598 dicunt

348 3653 370 3701 a
388 3628 516 3703 cerebro
533 3655 590 3731 per
612 3631 854 3701 continuitatem
869 3622 1125 3697 membranarum
1140 3629 1335 3697 internarum
1354 3622 1635 3726 imperspicuarum
1656 3621 1765 3698 stnsrm

349 3753 411 3827 pus
435 3754 584 3810 inaurare,
607 3729 800 3827 &progredi
818 3727 969 3797 eodonec
982 3726 1023 3793 ad
1042 3726 1139 3823 hepar
1196 3730 1345 3796 evenerit.
1373 3727 1410 3793 ld
1435 3754 1501 3796 non
1516 3728 1558 3797 est
1585 3720 1766 3825 probabile.

352 3830 493 3899 Afferam
508 3853 612 3899 meam
626 3828 859 3915 conjedtmam,
884 3825 1020 3921 qnando
1032 3826 1148 3894 demon
1175 3828 1328 3894 rationem
1348 3843 1405 3893 aut
1428 3823 1617 3893 wawarie
1632 3852 1681 3905 rr,
1700 3827 1765 3897 huc

353 3927 506 3998 adducere
521 3950 668 4023 nequeo,
688 3920 914 4019 desumamque
938 3948 976 3994 ex
998 3947 1037 3993 eo
1060 3923 1257 3992 Galeniloco
1274 3917 1499 4020 suprascripto.
1527 3926 1705 3993 Vulnerato
1717 3947 1769 3995 ce-

353 4024 447 4100 rebro
464 4021 715 4121 membranisque
733 4023 869 4103 afueris,
893 4046 929 4091 os
956 4023 1119 4095 ventriculi
1127 4021 1327 4099 coaffieirur,
1349 4017 1506 4091 humores
1518 4045 1559 4090 ue
1577 4017 1767 4121 pernuban-

352 4151 426 4210 rur‚
451 4129 537 4198 urrde
554 4124 624 4197 bilis
638 4126 791 4199 vomitio.
819 4122 852 4190 Si
873 4123 976 4193 multa
1001 4125 1037 4191 fit
1053 4116 1126 4190 bilis
1150 4124 1335 4199 evacuatio,
1360 4047 1765 4221 eaabablceslurindieare

353 4226 472 4326 potesl.
498 4229 530 4299 Si
548 4248 651 4325 pauca
675 4218 743 4293 bilis
757 4225 945 4301 evacuario,
969 4226 1004 4296 δι
1020 4219 1169 4316 frequens
1182 4218 1226 4288 est
1247 4214 1377 4297 nausea,
1392 4238 1449 4290 aut
1465 4228 1543 4315 quia
1556 4244 1638 4314 aeger
1658 4222 1735 4295 voni

352 4351 386 4399 re
405 4350 470 4393 non
489 4321 669 4396 consuevit,
694 4340 752 4393 aut
768 4327 847 4417 quia
866 4315 939 4391 bilis
955 4319 1099 4397 crassior,
1124 4339 1216 4389 motu
1234 4319 1388 4396 difficilis,
1413 4324 1448 4389 &
1465 4321 1705 4412 quodammodo
1716 4231 1853 4410 iffi

354 4442 484 4496 marcata
508 4418 648 4507 (ἷμπξη
663 4422 774 4490 Galen.
797 4424 906 4505 vocat)
932 4442 990 4491 aut
1006 4424 1083 4515 quia
1107 4412 1234 4489 libertas
1252 4438 1416 4489 meatuum
1435 4443 1500 4486 non
1514 4416 1578 4499 est,
1601 4420 1682 4489 dum
1703 4420 1766 4490 hu·
1862 4418 1912 4464 Χ

356 4548 427 4593 mor
442 4544 591 4597 movetur
608 4524 642 4590 δι
660 4543 725 4587 non
740 4519 938 4598 excluditur,
961 4516 1255 4616 oppreiiionemque
1270 4515 1341 4586 sacit
1358 4520 1519 4610 aliquam,
1600 4518 1766 4589 estineon-

355 4647 435 4694 cavo
452 4623 571 4721 hepatis
594 4620 699 4713 colligi
723 4623 758 4689 δι
782 4618 994 4692 inflammari,
1020 4621 1055 4684 δι
1077 4634 1190 4711 praeter
1213 4608 1488 4712 symptomaricam
1513 4612 1541 4684 se
1565 4641 1631 4687 rem
1665 4641 1766 4711 quani

356 4724 469 4792 excitat
485 4719 583 4807 spira
605 4722 733 4819 capitis,
757 4715 939 4786 essentialem
956 4709 1075 4784 febrem
1091 4715 1262 4781 concitare.
1291 4714 1379 4781 Hinc
1396 4712 1543 4783 colleeuo
1566 4762 1578 4793 ,
1613 4716 1686 4785 hine
1715 4721 1767 4783 in·

358 4822 556 4895 flammatio,
580 4819 653 4888 hine
667 4813 831 4887 abscessus.
860 4814 991 4885 Accedit
1002 4813 1092 4907 quod
1120 4814 1152 4880 in
1171 4804 1356 4884 vulneribus
1378 4815 1485 4907 capitis
1501 4834 1618 4904 negant
1626 4814 1770 4883 dandum

361 4922 589 5040 pharmacum.
616 4920 647 4989 Si
662 4919 790 4989 damur
809 4921 843 4986 δι
861 4934 1069 4986 evacuaretur
1085 4906 1155 4980 bilis
1179 4920 1339 4981 commuta
1354 4916 1388 4981 δι
1405 4935 1470 4980 non
1486 4905 1772 5078 exclusimpebffpb-
