4534 5850
598 476 693 561 17e
774 443 1667 548 serumserum

542 625 807 726 hypogallrium.
836 626 888 696 An
912 624 1004 692 essent
1027 623 1170 698 uterini,
1195 643 1237 690 an
1261 620 1389 690 alterius
1412 623 1559 714 generis,
1585 645 1652 694 non
1675 616 1766 693 facile·
1788 622 1851 703 finit
1874 637 1969 711 coifi-s

545 749 636 819 gere.
663 730 705 793 Et
729 745 832 792 tamen
860 718 981 791 summa
1006 719 1067 791 suit
1095 726 1129 788 tic
1154 715 1299 798 santia,
1324 725 1359 789 δι
1382 721 1606 791 diuturnitas.
1640 726 1748 792 lmmo
1772 744 1865 800 tanta
1889 738 1964 807 diu.

544 824 680 895 turnitas
704 827 738 891 &
760 817 933 900 aterbiras,
959 840 998 889 ut
1023 820 1228 889 Medicorum
1251 823 1354 888 omnis
1378 825 1418 887 δι-
1435 844 1556 919 opera,
1581 826 1617 892 dt
1641 821 1796 895 industria
1815 825 1887 900 lusa
1898 830 1964 905 fue.

545 925 606 991 rit.
632 914 821 1006 Cuiusmoli
846 924 878 989 id
903 917 1019 996 suerit,
1045 921 1078 986 δι
1106 942 1149 989 an
1174 919 1319 1014 reliperet
1343 918 1466 1011 aliquid
1490 917 1671 1002 Mamali,
1696 947 1738 993 an
1763 947 1842 997 vero
1865 955 1965 1018 wopa.

426 1018 507 1077 Mira
544 1011 642 1100 bair,
677 1020 807 1088 Medicis
834 1022 885 1091 vel
909 1014 1177 1118 experientillimis
1211 1014 1275 1086 fuit
1298 1020 1553 1114 incompertum.
1580 1022 1698 1090 Multis
1715 1042 1823 1095 autem
1838 1023 1966 1100 oborie-

385 1101 521 1192 ΝΜ*
545 1112 666 1188 bantur
690 1137 831 1188 tumores
854 1122 895 1188 ad
920 1118 1138 1194 emunctoria,
1164 1122 1199 1185 &
1223 1116 1269 1186 illi
1293 1136 1382 1188 erant
1415 1113 1516 1192 icariis
1541 1122 1700 1191 innocui.
1736 1127 1855 1220 Qum
1880 1136 1965 1199 inem

385 1201 447 1244 Μ’
456 1201 524 1244 '²¹⁸⁰
545 1217 687 1295 nuillet,
713 1219 878 1296 humorem
903 1219 991 1313 quasi
1017 1236 1140 1286 mutato
1162 1239 1250 1286 more
1274 1264 1285 1297 ,
1318 1221 1355 1286 &
1377 1221 1529 1310 ingenio,
1563 1222 1741 1291 excitarunt
1765 1244 1905 1298 tumores
1931 1235 1966 1301 dc

547 1319 731 1411 malignos,
757 1314 999 1415 &·peiiistros.
1017 1313 1154 1412 Quanta
1177 1315 1222 1387 est
1246 1315 1468 1414 tempestatum
1492 1317 1566 1388 vis!
1604 1315 1748 1391 Rursum
1777 1347 1885 1420 quum
1947 1373 1963 1386 .

548 1415 603 1486 slis
628 1412 795 1487 velutsua
819 1437 962 1516 tempora
988 1413 1166 1494 habuisset,
1190 1421 1225 1486 δι
1250 1409 1450 1492 desaevisset,
1473 1417 1581 1485 denuo
1592 1434 1736 1490 tumores
1759 1427 1793 1494 in
1818 1353 1963 1499 necilli

551 1522 586 1585 &
610 1515 816 1585 emunstoriis
842 1535 1079 1615 apparuerunt,
1098 1520 1139 1585 δε
1164 1519 1186 1586 ii
1211 1518 1300 1583 omni
1324 1515 1484 1585 cacoethia
1508 1538 1682 1588 vacarunt.
1707 1564 1711 1571 ·
1750 1566 1752 1570 -
1891 1560 1894 1565 ·

406 1636 529 1719 mm-
560 1614 562 1623 '
599 1617 748 1711 Empirici
786 1617 958 1710 aliquando
982 1617 1165 1691 ¹mirificum
1198 1615 1364 1708 quoddam
1398 1613 1548 1685 effessum
1583 1619 1763 1713 praestant,
1795 1621 1874 1690 dum
1900 1618 1964 1692 suis

388 1740 531 1786 enume-
548 1732 688 1783 utuntur
714 1715 898 1785 metallicis.
936 1719 1039 1783 immo
1064 1719 1240 1786 vincuntur
1264 1708 1399 1791 morbi,
1434 1717 1492 1806 qui
1516 1715 1682 1788 ordinariis
1705 1718 1963 1805 evacuationibus

386 1809 502 1909 Μ’,
540 1815 634 1884 ¹irinci
659 1838 724 1881 non
746 1832 910 1910 poterant.
939 1817 993 1883 An
1011 1819 1165 1907 quoniam
1180 1810 1313 1909 ptristas
1339 1806 1704 1898 monimentum
1729 1821 1828 1890 veluti
1852 1841 1963 1898 terror,

387 1888 513 1949 ''¹⁴1¹''
541 1916 585 1981 -ἀ
610 1919 657 1985 vis
682 1933 823 1992 naturae3
849 1919 884 1985 δι
908 1914 946 1982 fit
970 1914 1155 2006 colliquatio
1180 1906 1578 2005 quadamtamsuccorum
1602 1910 1841 1996 laudabilium,
1863 1943 1963 2015 quam

384 1993 528 2135 {22⁸3}-
551 2005 818 2091 illaudabilium,
844 2032 882 2081 ut
906 2013 989 2081 idem
1012 2016 1177 2104 contingat
1193 2008 1299 2107 quod·
1315 2015 1348 2079 in
1373 2010 1434 2077 litu
1459 2009 1673 2102 hydrargyrir
1709 2016 1855 2088 Solvitur
1878 2022 1964 2087 enim

384 2075 530 2217 monto.
548 2132 733 2208 compages,
758 2117 792 2180 &
817 2103 906 2188 aia,
932 2116 968 2181 dt
992 2115 1039 2181 vis
1062 2115 1206 2208 partium
1231 2113 1404 2185 omnium,
1439 2107 1672 2178 &humiditas
1694 2116 1788 2182 etiam
1815 2118 1889 2211 ipfis
1914 2124 1965 2182 in-

377 2203 507 2301 fligens,
549 2211 606 2279 fita
638 2203 781 2307 partibus
804 2209 979 2303 illiquefit.
1020 2211 1118 2279 Unde
1143 2234 1210 2279 non
1233 2210 1332 2279 modo
1355 2206 1507 2276 ordinarii
1528 2207 1677 2279 humores
1701 2256 1713 2289 ,
1737 2204 1789 2280 sed
1813 2206 1967 2293 διαθέσεις

385 2300 422 2373 ό·
436 2326 501 2373 cur.
546 2304 620 2407 ipsae
644 2304 828 2384 silvuntur,
853 2314 888 2377 δε
912 2303 1120 2380 evanescunt.

599 2411 648 2477 De
672 2410 737 2478 filia
763 2410 895 2479 Domini
924 2409 974 2477 De
998 2410 1127 2500 Chailly
1151 2432 1193 2480 an
1217 2406 1363 2479 credibile
1387 2410 1478 2504 quod
1502 2409 1619 2480 dieitur
1635 2424 1662 2480 i·
1683 2409 1773 2478 Idem
1798 2412 1834 2478 δι
1859 2402 1961 2478 merus

546 2525 618 2578 mea
641 2528 769 2602 experta
792 2506 853 2583 est,
878 2510 914 2576 &
939 2531 1021 2576 uror
1047 2511 1088 2576 D.
1102 2503 1273 2576 Reburtii.
1300 2512 1419 2595 Quum
1444 2526 1579 2603 utraque
1603 2508 1777 2605 hydropica
1802 2504 1902 2585 soret,
1927 2513 1962 2576 δι

545 2607 748 2695 aqualiculus
774 2605 862 2672 valde
886 2602 1142 2680 distenderetur,
1163 2608 1282 2697 partim
1308 2608 1429 2694 aquis,
1453 2610 1573 2701 partim
1600 2607 1680 2675 flatu
1708 2609 1824 2703 aliquo
1844 2642 1858 2685 ,·
1880 2605 1962 2704 post-

544 2722 645 2794 quam
669 2718 808 2792 utraque
831 2698 970 2767 excissus
994 2698 1062 2775 est,
1086 2703 1130 2766 ita
1156 2693 1264 2767 resedit
1288 2717 1415 2776 venter,
1439 2722 1476 2768 ac
1502 2701 1525 2768 sr
1549 2697 1708 2796 nusquam
1734 2705 1958 2775 intumuisset.

544 2802 595 2868 Et,
609 2796 665 2864 isla
700 2798 764 2865 filia
799 2799 932 2865 Domini
967 2800 1018 2866 De
1049 2798 1179 2892 Chailly
1202 2821 1310 2894 quum
1334 2791 1468 2892 gibbosa
1492 2796 1602 2880 foret,
1637 2800 1704 2875 sato
1725 2802 1838 2875 nnuc
1862 2827 1897 2873 ac
1914 2825 1961 2871 re-

544 2912 637 2994 pente
662 2913 821 2978 mortua,
853 2894 910 2967 ista
934 2885 1105 2991 gibbositas
1140 2903 1175 2970 &
1206 2900 1379 2970 incurvitas
1403 2894 1467 2969 fere
1490 2917 1559 2969 tota
1582 2893 1763 2999 disparuit.
1799 2907 1840 2974 Et
1867 2895 1962 3001 stips>

543 3018 660 3093 eorpus
686 2997 815 3091 longius
839 2998 1002 3068 redditum
1025 2997 1085 3070 cst.
1112 2999 1217 3096 Quod
1240 3003 1362 3071 mirum
1386 2997 1449 3069 cst.
1475 3002 1545 3090 Qu
1570 3001 1607 3069 sit
1631 3009 1737 3080 enim,
1753 3018 1801 3072 ut
1825 3003 1889 3072 hoc
1914 3003 1963 3073 via

544 3099 629 3165 tium
654 3088 748 3193 spina
773 3103 818 3169 ita
843 3117 969 3197 repente
995 3104 1180 3192 evanuerit?
1322 3133 1325 3144 ·

390 3211 517 3290 migr.
596 3192 793 3290 Lentiginosr
825 3199 1008 3291 cacochymi
1041 3197 1102 3269 stre
1133 3194 1235 3274 sunt,
1262 3201 1297 3268 &
1326 3218 1441 3266 eorum
1464 3194 1564 3296 hepar
1587 3188 1781 3290 saumariis
1805 3190 1964 3267 laborat.

383 3298 442 3376 rufi
463 3315 526 3357 me·
545 3294 653 3365 Pravis
676 3293 869 3369 humoribus
893 3292 1085 3377 abundant,
1110 3302 1146 3368 δι
1171 3291 1344 3366 seronato
1359 3289 1502 3364 'scateam
1529 3296 1633 3361 lmmo
1659 3294 1682 3359 sr
1707 3291 1811 3360 ulcera
1822 3288 1971 3375 habent,

382 3384 527 3487 ¹⁵⁸¹?th
544 3417 582 3464 ca
607 3388 681 3462 sunt
702 3391 936 3491 dylepulotica.
966 3399 1064 3459 Unde
1088 3400 1303 3485 Hipponenses
1325 3388 1383 3456 lib.
1405 3411 1437 3453 2.
1463 3384 1606 3483 Epidem.
1631 3392 1750 3459 Ulcera
1776 3412 1853 3481 qua
1879 3392 1968 3485 agri

379 3466 434 3562 Ψ
444 3466 517 3527 “¹‘'
605 3488 790 3570 sinantur,
823 3488 897 3561 sunt
921 3514 957 3559 ex
984 3485 1096 3584 genere
1119 3481 1344 3557 exalbidorum
1378 3483 1517 3572 (Graece
1540 3477 1678 3549 laudari
1697 3484 1880 3574 dicuntur)
1906 3495 1965 3586 qui

381 3549 439 3612 dan

440 3565 517 3646 Ἐκ·
573 3613 606 3658 re
630 3593 721 3657 lentis
745 3592 882 3658 colorem
907 3584 1053 3656 liabent:
1088 3585 1193 3661 ldest,
1226 3581 1437 3673 lentiginosi,
1471 3582 1494 3647 si
1520 3581 1623 3648 ulcera
1649 3576 1796 3663 habent,
1821 3609 1858 3654 ta
1879 3611 1964 3677 aegre

543 3680 768 3781 persanantur.
797 3689 837 3752 Et
861 3702 941 3750 cutis
966 3684 1185 3770 diffringitur,
1210 3701 1247 3746 ac
1270 3674 1372 3755 labia;
1398 3671 1441 3744 ab
1464 3672 1656 3755 ichoribus,
1680 3685 1716 3749 &
1741 3682 1876 3752 humore
1901 3681 1962 3754 sal.

544 3775 712 3871 suginoso,
737 3781 795 3870 qui
819 3773 879 3844 snb
903 3794 977 3844 cute
1002 3782 1037 3844 δι
1061 3799 1081 3842 a
1105 3778 1205 3871 capite
1230 3778 1413 3866 contingit,
1439 3797 1546 3867 quum
1571 3800 1590 3844 a
1616 3778 1772 3874 pulmone¹
1793 3778 1887 3851 suerit
1909 3807 1966 3852 ca-·

542 3873 691 3946 indus.
720 3878 838 3973 Qum
862 3896 940 3970 ergo
964 3877 997 3942 in
1023 3866 1225 3966 lentiginosos
1249 3892 1437 3966 aegrotantes
1461 3876 1623 3955 incideris,
1648 3881 1768 3947 mirum
1793 3897 1834 3949 ne
1857 3882 1912 3959 sit,
1936 3882 1960 3951 st

535 3975 680 4047 'remedia
704 3999 741 4046 ex
766 3983 834 4047 arte
857 3979 953 4047 etiam
980 3971 1122 4044 instituta
1146 3968 1226 4072 saepe
1249 3973 1333 4044 eludi
1358 3974 1481 4045 videas.
1636 3969 1639 3976 ’
1754 3969 1757 3974 ’
1806 3998 1810 4006 ·
1839 4003 1842 4010 ·
1924 4027 1928 4036 .

593 4078 671 4147 Filia
697 4080 830 4147 Domini
859 4082 908 4146 De
936 4074 1160 4171 llasseparault
1184 4095 1368 4145 manantem
1394 4095 1501 4143 aurem
1519 4067 1702 4143 ’habebat.
1737 4077 1774 4145 ld
1822 4076 1888 4145 uod
1910 4073 1960 4144 cs-

380 4167 511 4250 Ssllrts·
543 4169 687 4255 fluebat,
711 4192 778 4243 erat
805 4167 970 4260 stuprasse.
998 4174 1203 4278 Supprellum
1228 4174 1263 4241 id
1286 4171 1352 4244 est.
1391 4173 1497 4242 Dolor
1521 4174 1594 4242 inde
1618 4179 1730 4270 eapitis
1753 4100 1961 4267 ejuliemque

378 4249 523 4329 fimm'
543 4280 701 4368 gravitas.
728 4274 838 4367 Caput
863 4266 1033 4340 videbitur
1057 4293 1122 4339 non
1147 4266 1306 4340 sustinere·
1316 4269 1420 4367 polle.
1448 4264 1568 4340 Febris.
1596 4273 1705 4343 Nullis
1725 4271 1847 4344 'ma‘lum
1871 4273 1958 4370 capi-

380 4338 522 4479 {sztzm'
543 4375 583 4444 tis
607 4371 690 4442 cellit
714 4369 871 4439 remediis.
900 4372 1022 4435 Mors.
1050 4372 1202 4439 Inventus
1225 4369 1269 4437 est
1293 4373 1398 4461 gravis
1421 4373 1455 4438 in
1480 4364 1606 4440 cerebro
1630 4368 1794 4443 abscessus.

380 4501 510 4581 nmis„
591 4471 785 4542 Notandum
810 4467 901 4563 quod
925 4470 1058 4562 contigit
1088 4472 1180 4540 matri
1215 4472 1259 4539 D.
1281 4466 1396 4539 Ellenii
1421 4470 1564 4540 Medici.
1601 4470 1659 4539 llla
1694 4467 1782 4543 senlit
1804 4471 1954 4542 dolorem

379 4606 436 4651 u.
541 4565 755 4643 incredibilem
770 4573 804 4640 in
821 4562 985 4640 cruribus.
1014 4561 1116 4638 Febris
1140 4568 1261 4641 assidua
1281 4623 1288 4638 .
1315 4570 1406 4642 &eta
1431 4591 1510 4642 vetra
1534 4565 1582 4638 bis
1605 4590 1665 4639 aut
1688 4591 1763 4641 ter.
1795 4573 1833 4641 Α·
1852 4574 1966 4652 detra--

540 4669 644 4741 &ione
668 4665 829 4763 sarrguirm
853 4686 940 4739 tanta
964 4675 1106 4740 mutatio
1130 4665 1236 4769 pulsui
1262 4675 1394 4765 contigit
1414 4690 1497 4746 ‚ut
1528 4665 1590 4742 fere
1614 4662 1819 4741 morientium
1846 4667 1963 4767 pulsus¹

538 4771 717 4841 videretur.
744 4771 944 4863 inequalitas
967 4789 1053 4851 erat,
1079 4776 1115 4841 δι
1139 4770 1352 4842 intermiffio.
1387 4768 1510 4841 Deinde
1531 4763 1769 4841 intesuelebar'i
1803 4771 1887 4840 Mox
1904 4792 1955 4839 re·

538 4863 685 4939 currebat
707 4867 766 4937 alla
790 4864 944 4965 pulsatio,
970 4890 1008 4938 ut
1031 4872 1065 4937 in
1090 4871 1234 4940 dicroto.
1258 4874 1380 4939 interea
1404 4870 1555 4964 temporis
1568 4871 1681 4963 quum
1710 4873 1798 4943 virm-
1816 4863 1958 4938 imbecil-

538 4967 575 5040 lae
597 4970 807 5054 viderentur,
830 4968 876 5039 nil
899 4989 959 5040 nos
984 4968 1088 5041 moliti
1111 4962 1252 5042 fuimus.
1278 4972 1320 5041 Et
1342 4992 1379 5040 ea
1403 4970 1540 5042 mutatio
1562 4967 1639 5040 nun·
1652 4987 1720 5042 tam
1744 4969 1814 5039 cral
1828 4963 1883 5036 ab
1907 4971 1967 5060 in..

1770 5069 1908 5138 firmita-
