4534 5850
376 462 389 485 “·
494 470 1425 564 oct'enlotaomnumno.
1477 484 1522 551 11.
1627 500 1699 571 ιο,

325 636 475 728 imberve
497 639 635 707 Domini
648 633 797 709 Sceronii
819 633 924 724 volum
946 630 1007 712 ιβ,
1033 631 1072 709 (b
1098 634 1171 702 aliis
1188 636 1386 711 innumeris.

380 761 409 826 ς.
438 740 535 805 Ante
549 732 599 804 lib.
623 734 969 828 1.Epid.notaoimus
991 732 1169 825 suspeilam
1192 734 1252 819 effe
1270 731 1384 805 debere
1412 755 1538 806 omnem
1566 735 1747 828 drlparieio.

325 850 401 901 nem
419 835 531 904 doloris
548 835 681 913 luteris,
698 832 869 925 presertim
888 854 988 926 quum
1005 849 1116 900 manet
1123 827 1249 918 febris,
1272 833 1311 907 <b
1331 834 1478 927 dyspnoea
1496 827 1558 916 ιβ.
1584 835 1746 904 Namde-

325 931 434 1001 clarat
455 929 511 1000 boc
529 933 649 1001 dolores
666 934 777 1001 leteris
794 932 1029 1002 accidentarios
1048 924 1143 1015 fuiffe
1165 925 1201 998 ob
1220 927 1450 1018 resudationem
1461 930 1545 1019 seri.

378 1037 410 1099 6.
435 1033 608 1100 Aoocavit
625 1057 680 1100 nos
706 1027 765 1113 ista
787 1025 1003 1120 gonorrboen·
1029 1034 1105 1097 Nec
1123 1023 1180 1098 abs
1201 1051 1264 1097 re:
1297 1052 1493 1126 quamquem
1524 1031 1580 1121 qui
1603 1030 1746 1121 gravius

325 1124 457 1219 urgebat
475 1126 599 1201 morbus
620 1130 713 1199 aliud
726 1128 862 1217 suadere
883 1123 1049 1217 debusffet.
1075 1130 1151 1229 Qui
1164 1125 1293 1216 sellioni
1315 1130 1489 1197 cadaveris
1506 1126 1655 1215 interfuit
1664 1123 1749 1199 Chio,

325 1247 462 1316 surgas,
485 1231 595 1296 reeui't
611 1246 740 1324 reperta
758 1222 818 1311 ιβι
842 1226 948 1295 ulcera
967 1232 1003 1299 in
1019 1225 1138 1313 orificio
1158 1223 1284 1316 veloce,
1303 1229 1342 1305 (b
1358 1221 1508 1323 partibus
1527 1230 1645 1297 vicinis
1666 1276 1675 1293 .
1703 1233 1747 1298 Et

325 1340 433 1394 temen
453 1329 494 1395 cle
513 1322 563 1393 bis
583 1351 645 1394 non
669 1318 883 1418 querebatur.
1742 1342 1745 1347 “

373 1446 406 1513 7.
430 1426 657 1511 Eratjaflatio
671 1439 847 1517 perpetua,
869 1422 911 1496 cb·
926 1422 1022 1516 ipfius
1042 1426 1115 1514 egri
1142 1423 1348 1519 desperatio,
1383 1425 1423 1500 (β’
1446 1422 1670 1518 perturbatio.
1707 1431 1751 1495 fis

325 1543 376 1589 nes
394 1546 495 1615 quum
505 1514 746 1616 suspicaremur
763 1522 947 1590 incendium
967 1526 1003 1592 in
1025 1527 1174 1616 pulmone
1193 1522 1253 1610 effe
1272 1572 1283 1602 ‚
1318 1524 1357 1599 (b
1375 1526 1477 1593 talem
1503 1522 1663 1613 §morsali
1691 1527 1747 1592 vi·

325 1618 489 1702 deremus3
514 1618 698 1692 dicebamus
706 1614 834 1706 febrem
851 1614 911 1706 ιβι
938 1625 1117 1710 malignam
1139 1669 1149 1690 .
1193 1629 1236 1689 Et
1253 1627 1363 1693 eodem
1387 1626 1479 1693 modo
1502 1650 1531 1711 3.
1551 1625 1644 1715 Epiri.
1674 1624 1749 1692 Gal

325 1718 371 1785 eit
387 1743 451 1786 non
470 1725 576 1812 inepte
586 1715 736 1808 sebresa
754 1709 899 1796 cerebro,
918 1724 1068 1812 pulmone
1086 1764 1099 1796 ,
1115 1720 1154 1790 ὠ·
1173 1716 1368 1789 membranis
1386 1716 1508 1789 cerebri
1523 1722 1686 1808 malignas
1705 1718 1751 1809 es-

325 1812 375 1893 le:
400 1819 485 1909 quod
501 1820 641 1907 maligm
661 1815 920 1907 quonammodo
948 1837 1078 1905 agant,
1103 1832 1144 1891 tr*
1172 1820 1385 1907 malignorum
1412 1813 1589 1889 morborum
1614 1812 1753 1888 babeant

325 1910 610 2098 syngptolgt‘zagm
628 2012 761 2105 capillo.
793 2018 924 2082 Morem
944 2008 1122 2083 morborum
1140 2009 1280 2082 hemines
1298 2008 1388 2103 rufos
1404 2013 1614 2083 adorientium
1641 2015 1749 2107 eupli-

325 2110 493 2178 ravimus.
522 2113 596 2181 Diu
612 2108 728 2198 manſst
748 2113 839 2182 velut
858 2111 1099 2182 conniventibus
1117 2114 1217 2180 oculis
1238 2159 1249 2191 ‚
1273 2112 1391 2185 deinde
1410 2136 1449 2180 ae
1468 2111 1501 2201 β
1521 2110 1671 2205 ιιιιΙιρβ
1697 2114 1749 2178 la·
1869 2168 1872 2172 .

325 2200 447 2276 beraret
467 2213 586 2301 apertis
607 2229 698 2278 enat.
726 2218 799 2280 Nos
817 2231 889 2280 tane
898 2209 1002 2296 facile
1020 2215 1060 2284 cb*
1080 2231 1149 2279 tam
1168 2204 1261 2279 brevi
1277 2213 1486 2283 interituram
1515 2235 1575 2279 non
1598 2204 1750 2277 credeba-

325 2327 415 2372 mus.
438 2308 572 2375 Tamen
590 2311 680 2376 intra
703 2326 821 2397 paucos
838 2312 906 2378 dies
925 2306 1111 2386 immobilis,
1135 2326 1273 2377 extenta
1284 2353 1294 2385 ,
1318 2310 1357 2384 (b
1377 2309 1540 2378 examinis
1552 2305 1657 2391 fidem
1673 2327 1749 2398 per·

325 2402 393 2471 alle
413 2411 524 2472 mortis
542 2408 691 2498 implevit
713 2453 721 2472 .

371 2526 405 2588 9.
429 2507 530 2573 ‘Unde
548 2499 659 2596 quibus
677 2522 789 2575 tumet
803 2500 976 2584 abdomen,
994 2501 1159 2597 suppreffa
1180 2503 1277 2579 alvo,
1312 2504 1352 2576 cb
1364 2498 1471 2590 febris
1497 2497 1585 2586 adest
1605 2548 1617 2579 ,
1633 2497 1747 2584 facilis

325 2598 359 2680 βι
370 2594 534 2688 salsarum
547 2603 744 2694 pleuritidon
759 2605 946 2693 generatio.
974 2608 1019 2670 Et
1034 2599 1245 2694 phlebotomia
1263 2605 1435 2694 competit:
1452 2599 1491 2672 lb*
1517 2603 1573 2692 qui
1600 2595 1747 2669 detrabiss

325 2715 377 2764 tur
392 2694 542 2789 sangnis,
566 2703 593 2765 is
612 2721 781 2795 corruptus
799 2703 917 2770 valde.
943 2697 1056 2785 Testes
1073 2701 1250 2788 mubiegri
1259 2748 1270 2780 ,
1295 2700 1335 2773 (b
1353 2702 1381 2766 is
1404 2696 1538 2784 Consul,
1562 2699 1616 2765 cui
1625 2716 1678 2765 ter
1691 2696 1745 2787 se·

325 2796 371 2867 ila
393 2818 500 2875 vena,
525 2817 667 2866 tumente
685 2803 782 2876 alvo,
805 2801 845 2871 <b
864 2801 988 2872 estense
1003 2818 1137 2895 utroque
1155 2794 1385 2891 bypecbondrio
1404 2800 1521 2867 valde.
1545 2799 1662 2865 Omnis
1684 2819 1744 2863 au·

325 2912 391 2961 tem
412 2894 500 2962 dolor
518 2897 629 2962 lateris
640 2893 755 2986 fugare
770 2899 930 2986 malignus
952 2893 1014 2980 ιβ,
1035 2898 1074 2970 (b
1103 2894 1339 2989 erofipelamdes
1365 2893 1431 2974 ιβ,
1460 2902 1497 2969 cb
1519 2893 1595 2988 sere
1614 2912 1710 2963 necat
1733 2944 1746 2966 .

325 2996 497 3087 Propterea
510 3018 567 3083 ego
575 2990 670 3078 jubeo
688 2997 722 3065 in
740 3017 775 3063 eo
808 2997 959 3066 Medicas
979 3020 1041 3063 non
1057 2993 1118 3082 ιβι
1133 2994 1259 3080 securos
1286 3045 1296 3064 .
1331 2997 1434 3095 Quod
1461 2996 1640 3064 notandum
1664 2990 1743 3074 ιβ.

325 3092 427 3161 vnde
446 3091 560 3160 dicunt
580 3091 754 3186 quemdam
783 3091 907 3187 Apbor.
925 3092 985 3181 ιβι
1013 3097 1167 3186 Hipposr.
1193 3096 1298 3164 Raros
1323 3098 1463 3166 laterum
1485 3094 1607 3165 dolores
1643 3095 1743 3162 melos

325 3187 405 3278 effe.
432 3197 475 3257 Et
492 3192 533 3260 de
549 3215 585 3260 eo
604 3194 683 3261 vide
700 3194 853 3286 porticui.
878 3214 933 3260 22.
950 3185 1006 3260 lib.
1027 3214 1060 3259 2.
1070 3187 1202 3259 Prorrb.

380 3310 435 3356 10.
458 3292 609 3390 ,Quidem
631 3292 788 3362 Medicus
802 3295 914 3381 magni
929 3292 1064 3357 nominis
1083 3291 1154 3368 ait,
1177 3315 1239 3357 non
1258 3288 1317 3376 ιβι
1344 3291 1487 3365 mirum,
1507 3285 1541 3375 β
1563 3286 1673 3380 pulmo
1697 3286 1747 3352 ita

325 3405 489 3477 corruptus
511 3405 621 3477 aperte
641 3390 804 3455 cadavere
825 3390 1034 3477 reperiatur.
1072 3391 1149 3455 Nec
1167 3407 1337 3476 propterea
1366 3390 1466 3453 talem
1480 3380 1555 3476 sepe
1583 3383 1643 3469 effe
1666 3400 1747 3454 ante

325 3499 483 3562 mertem,
501 3484 631 3575 qualem
649 3504 795 3552 anatome
809 3478 960 3565 ostendis.
986 3475 1150 3547 Probabile
1171 3483 1209 3547 ia
1227 3483 1377 3571 quidem.
1398 3485 1467 3551 Sed
1482 3500 1519 3545 ut
1536 3481 1707 3547 concedam
1734 3525 1748 3556 ,

325 3576 388 3673 ροβ
407 3575 526 3648 obitum
544 3579 701 3656 ulterari,
724 3578 893 3674 presertim
903 3577 941 3668 β
947 3600 1000 3646 cor
1021 3602 1059 3645 us
1075 3578 1134 3647 diu
1154 3573 1301 3665 inselbum
1315 3577 1488 3666 servetur,
1508 3569 1567 3668 [ed
1587 3576 1747 3646 eumenid

325 3703 384 3748 non
404 3697 567 3770 tantopere
581 3680 763 3770 pulmonem
777 3676 891 3771 afficit.
916 3600 1048 3778 Quibus
1063 3675 1171 3768 pulmo
1192 3693 1275 3742 totus
1293 3675 1422 3763 vitiosos
1436 3672 1479 3756 ιβ
1497 3719 1508 3751 ,
1526 3694 1563 3743 ut
1581 3677 1744 3765 ,RegiCa-

325 3779 384 3846 solo
402 3779 559 3866 contigit,
579 3776 619 3842 iis
630 3774 741 3863 sanies
760 3780 795 3843 in
810 3777 959 3868 pulmone
973 3771 1039 3860 ιβ,
1062 3797 1126 3867 que
1137 3769 1244 3863 falsas
1261 3776 1450 3867 pleuritides
1466 3769 1585 3859 insert,
1606 3778 1745 3866 utpaul,

325 3873 444 3943 bante
463 3874 579 3942 delium
597 3869 663 3959 ιβ,
683 3898 745 3948 nec
756 3872 949 3969 sanguinem
968 3874 1194 3967 expellorant.
1222 3874 1285 3941 An
1304 3869 1352 3944 bis
1371 3873 1494 3940 multus
1510 3892 1602 3967 potus
1621 3867 1739 3948 bonuti

325 3976 382 4048 Νι
404 3996 426 4039 u
471 3997 563 4042 uam.

378 3998 405 4141 tq
404 4092 416 4136 1
427 3996 470 4066 aq
456 4073 541 4143 Vide
559 4073 689 4141 initium
707 4068 801 4163 hujus
821 4067 872 4143 lb.
885 4065 938 4141 ubi
955 4071 1153 4166 exprimitur
1171 4069 1210 4143 (b
1226 4070 1301 4141 idea
1312 4114 1323 4148 ‚
1334 4071 1387 4146 f&
1408 4068 1502 4161 causa
1530 4066 1642 4140 berum
1660 4069 1745 4138 delo·

325 4190 420 4239 rum.
448 4174 637 4241 Innumeros
658 4173 707 4242 ita
725 4153 843 4262 effbl‘ms
854 4194 941 4265 pene
954 4167 1024 4260 fine
1041 4164 1134 4260 febre
1155 4169 1321 4240 vidimus:
1341 4190 1476 4238 uxorem
1498 4165 1746 4260 PraſsdseGros.

325 4261 426 4351 seterii
436 4315 447 4349 ,
465 4287 604 4342 uxerem
624 4272 672 4337 D.
692 4272 747 4339 De
767 4265 1101 4340 memoratorium
1124 4269 1170 4336 ab
1187 4269 1296 4360 templi
1320 4267 1442 4358 scalam
1453 4312 1465 4345 ‚
1485 4268 1525 4340 <b
1552 4270 1629 4335 alios
1646 4270 1744 4336 innu-

325 4382 446 4450 meros,
465 4366 627 4450 utfiliom
645 4369 827 4440 maximam
848 4388 929 4435 natu
952 4370 1095 4435 Domine
1116 4363 1241 4456 Taffin.
1258 4369 1427 4438 Fernelius
1447 4387 1517 4459 cop.
1541 4389 1571 4438 1.
1592 4359 1645 4435 lib.
1665 4366 1745 4458 §.de

325 4460 533 4559 Umpmm&
547 4471 696 4560 parcium
712 4461 829 4536 morbis
848 4467 976 4559 alt'quid
993 4488 1034 4533 ea
1052 4466 1094 4535 de
1109 4487 1146 4532 re
1169 4465 1300 4553 arogis.

379 4583 432 4629 η.
460 4567 570 4644 Huic,
590 4566 631 4640 ά
647 4567 686 4632 iis
698 4558 862 4639 omntbus,
885 4557 1079 4656 quibuscum
1089 4557 1254 4648 febricula
1267 4564 1376 4655 aliqua
1393 4560 1515 4631 doloret
1531 4562 1646 4656 capitis
1668 4562 1745 4633 ade·

325 4638 422 4844 bents,
445 4656 593 4736 balneum
609 4657 753 4752 conferre
768 4679 894 4756 poterut
909 4682 995 4756 aqua
1014 4660 1138 4730 dulcis.
1163 4662 1246 4732 Vile
1271 4662 1361 4729 initio
1379 4658 1474 4748 hujus
1492 4653 1546 4730 lib.
1565 4663 1606 4727 (l
1629 4656 1680 4734 ib.
1711 4682 1743 4732 2·

325 4758 550 4828 Contionum.

381 4877 436 4942 13.
462 4855 539 4925 Duo
555 4857 687 4952 infignes
707 4854 847 4929 bemines
866 4853 1011 4954 Quelbor
1029 4858 1059 4925 le
1081 4860 1191 4934 isene,
1209 4856 1249 4929 (b
1280 4858 1325 4925 D.
1351 4859 1514 4926 Morletus
1545 4851 1665 4941 Consul
1685 4857 1748 4922 Re·

325 4953 418 5054 gius,
436 4975 458 5021 a
472 4955 678 5056 suppreffione
695 4960 791 5053 urina
809 4958 1023 5052 interierunt..
1043 4950 1229 5048 Chirurgus
1245 4958 1301 5052 qui
1308 4957 1454 5029 cadaver
1465 4954 1591 5047 secuit,
1611 4947 1746 5110 affirmat

1652 5063 1687 5111 ne
