4534 5850
544 473 1474 563 ET·'EPHEMER1DUM‚LIB·
1526 484 1569 550 ll.
1649 497 1711 571 t4i

395 638 475 714 Filia
500 640 546 708 D.
561 639 601 710 dt
621 639 805 729 Longueyte
819 630 957 728 peperit.
983 624 1104 695 Lochia
1118 620 1301 724 suppressa.
1327 630 1511 703 Difficultas
1534 629 1695 734 spirandi,
1723 632 1767 706 fe*

346 732 415 812 bris
434 739 574 819 affidua,
598 738 703 806 deliria
719 728 887 805 ltviilima.
914 726 1055 818 Purgato
1072 722 1134 793 est.
1161 726 1251 798 steca
1270 735 1304 796 in
1320 722 1453 801 brachio
1472 757 1570 804 verta.
1597 736 1698 831 Qud
1722 734 1769 805 fe-

348 839 423 909 ciile
445 840 613 937 poenituitt
637 854 749 902 name
773 826 922 898 malleolo
938 826 1045 920 potius
1068 841 1134 892 crat
1149 824 1359 899 detrahendus
1382 827 1533 924 sanguis.
1557 835 1703 902 Tandem
1727 831 1771 903 acl
1828 902 1833 912 ,

350 939 534 1008 malleolum
562 937 729 1006 vertimus.
758 927 884 999 Deinde
915 944 1024 1016 quum
1050 923 1084 990 in
1109 921 1229 992 linistro
1244 925 1342 996 latere
1366 929 1457 997 dolor
1481 929 1581 1013 diet,
1613 925 1769 1001 basilicam

350 1035 503 1105 siniſtram
531 1037 730 1132 aperuimus.
757 1021 956 1114 Subiecimus
971 1019 1091 1116 pelium
1106 1031 1362 1095 convenientem.
1389 1027 1509 1099 Omnia
1523 1047 1610 1099 erant
1626 1025 1770 1127 despera-

344 1153 397 1209 ta·
422 1127 493 1205 Sub
506 1133 667 1203 decimum
692 1131 824 1198 tertium
848 1125 933 1192 diem
964 1121 1069 1192 lochia
1086 1126 1262 1220 apparent.
1289 1126 1464 1196 Convaluit
1484 1178 1492 1196 .
1513 1130 1604 1224 Quid
1622 1129 1682 1198 hoc
1705 1135 1769 1199 reit

343 1233 438 1318 Juvit
457 1233 545 1302 illam
565 1237 600 1302 δι
619 1250 778 1328 purgare,
803 1229 838 1293 δι
852 1218 1047 1290 detractione
1062 1215 1222 1315 sanguinis
1237 1243 1384 1297 naturam
1399 1249 1586 1304 exonerare.
1710 1250 1713 1254 ⁴

395 1335 439 1402 D.
467 1335 610 1402 Durctus
627 1324 713 1398 febre
727 1324 845 1394 allidua
862 1314 1041 1390 laborabat.
1068 1321 1170 1418 Sputa
1190 1343 1280 1392 etam
1297 1347 1413 1422 prava.
1440 1327 1561 1396 Noluit
1573 1350 1687 1424 corpus
1703 1349 1769 1396 mc·

348 1431 532 1501 dimmentis
548 1436 697 1523 agitare,
722 1429 756 1494 &
772 1442 896 1493 natura·
912 1423 1087 1489 maximam
1111 1426 1229 1514 negotii
1254 1419 1376 1519 partem
1393 1427 1574 1495 commisit.
1611 1427 1671 1494 Sed
1702 1448 1770 1496 ecoe
1786 1471 1829 1541 ὑὶ

343 1530 424 1598 dum
441 1548 556 1599 natura
576 1552 641 1596 non
658 1542 825 1596 revocatur
839 1514 882 1589 ab
903 1517 1064 1596 instituto,
1082 1519 1133 1586 die
1150 1546 1182 1606 7.
1206 1542 1259 1588 tr.
1285 1546 1339 1607 ¹4·
1360 1528 1394 1593 δι
1418 1545 1471 1612 ¹7·
1498 1520 1595 1595 sudor
1617 1527 1768 1623 appatuit
1785 1496 1920 1622 „5:522

343 1632 458 1722 juvans
478 1628 672 1725 plurimum.
699 1628 810 1716 Agant
826 1617 982 1713 quicquid
1002 1617 1099 1687 velint
1117 1618 1268 1688 Praelici.
1295 1622 1353 1690 Sed
1381 1644 1489 1695 revera
1513 1626 1637 1693 dierum
1659 1619 1769 1692 obiere
1785 1645 1918 1720 usm-

345 1736 436 1798 vatio
454 1734 562 1818 magni
582 1722 727 1793 facienda
740 1718 800 1788 est.
830 1721 871 1785 Et
886 1716 978 1782 credo
990 1734 1137 1783 naturam
1155 1718 1227 1811 plus
1241 1713 1442 1798 secernendo,
1456 1726 1491 1789 δι
1508 1716 1651 1791 sudorem
1658 1745 1764 1791 unum
1785 1729 1929 1800 riomaegnl

343 1826 513 1991 cxcitanglao
532 1816 690 1919 prodeile,'
712 1812 974 1919 quam‘Mcdlcuc
987 1807 1051 1882 suis
1073 1814 1321 1885 medicamentis.
1347 1820 1454 1886 Immo
1480 1839 1604 1887 natura
1622 1817 1769 1888 officium
1780 1807 1929 1886 facienda.

388 1943 458 1990 rtur
500 1937 569 1990 tur.
1406 1948 1409 1955 ·

345 1945 544 2118 peCorpora
563 2013 672 2089 biliosa
688 2043 792 2113 quum
808 2009 1007 2091 febricitant,
1031 2013 1105 2111 plus
1120 2019 1153 2085 in
1177 2018 1213 2084 iit
1236 2015 1404 2088 alterandis
1425 2041 1527 2117 operae
1550 2020 1733 2120 ponendum
1758 2067 1770 2100 ,

344 2143 445 2212 quam
460 2127 494 2188 in
509 2120 710 2191 evacuandi&
736 2116 838 2214 Qod
855 2114 966 2182 docuit
981 2106 1087 2182 servus
1106 2117 1150 2184 D.
1171 2115 1209 2183 dc
1224 2115 1389 2198 Chaone,
1412 2125 1491 2212 qui,
1508 2121 1578 2189 licet
1594 2113 1673 2189 bene
1695 2140 1771 2213 pur-

344 2237 457 2310 gatus,
481 2221 615 2286 interiit.
642 2219 751 2284 Potius
764 2209 896 2281 fortassis
913 2211 1080 2308 potciillent
1098 2214 1262 2284 alterantia
1279 2263 1291 2297 ‚
1316 2240 1417 2310 quam
1430 2219 1589 2310 insigniter
1615 2239 1771 2288 evacuan-

347 2321 415 2385 tia.
442 2319 482 2382 Et
501 2317 533 2383 id
553 2315 733 2381 notandum
753 2313 907 2378 maxime.

394 2415 433 2480 ln
447 2407 613 2481 doloribus
629 2412 739 2506 capitis
756 2405 903 2477 curandis
919 2405 995 2500 plus
1016 2406 1200 2475 mactando
1213 2403 1289 2505 sepe
1314 2413 1483 2505 proficitur
1503 2458 1515 2490 ‚
1539 2434 1640 2504 quam
1666 2425 1772 2478 matu·

344 2513 465 2584 raudo.
493 2515 534 2581 Et
548 2515 581 2579 in
598 2509 785 2606 paregoricis
801 2507 908 2602 potius
925 2501 1174 2577 consistendum,
1199 2511 1234 2574 &
1254 2506 1488 2604 expectandum
1506 2509 1607 2579 donec
1633 2501 1766 2577 morbus

344 2611 549 2704 aliquantum
567 2601 768 2678 maturescat.
795 2605 866 2674 Cur
881 2604 966 2669 enim
990 2601 1113 2670 dolores
1137 2607 1245 2698 capitis
1262 2599 1318 2673 sua
1344 2631 1409 2675 non
1435 2602 1554 2677 habent
1588 2626 1734 2705 tempora
1758 2644 1770 2685 a

325 2728 384 2777 ¹ut
399 2715 433 2780 δι
448 2710 500 2777 alii
519 2703 642 2777 morbi?
669 2707 705 2773 ld
722 2695 1006 2774 declarantium
1033 2703 1076 2769 D.
1096 2700 1136 2769 dc
1161 2695 1394 2785 Guibbeville,
1415 2707 1622 2795 cujus'dolor
1655 2710 1688 2776 in
1713 2727 1766 2773 ca-

347 2810 411 2905 pite
424 2813 534 2875 omnia
558 2806 662 2874 nostra
684 2805 774 2872 elusit
794 2803 1035 2872 medicamenta.

399 2908 437 2973 ln
452 2927 551 2974 uxore
577 2908 620 2974 D.
638 2896 723 2973 Role
740 2909 857 2973 mitum
876 2895 957 2976 fuit,
982 2900 1072 2991 quod
1088 2901 1256 2995 pilularum
1281 2909 1498 2985 mennatum,
1524 2899 1765 2977 &blandarum
1824 2903 1938 2962 Hm*

345 2999 421 3074 usus
438 3004 559 3072 dolores
575 3005 721 3072 excitavit
737 3006 770 3066 in
788 3016 896 3075 uteru,
920 2992 1108 3089 inguinibus
1114 3045 1125 3077 ‚
1149 2995 1227 3069 suris
1243 2998 1416 3075 tibiarum.
1438 3005 1530 3073 Adeo
1544 3012 1687 3101 partium
1696 3001 1767 3071 illa-
1790 2979 1937 3057 mab&

347 3127 422 3172 rum
440 3106 599 3173 maximus
613 3101 656 3172 est
671 3093 852 3173 consensus!
866 3098 909 3165 Et
930 3097 1124 3174 cavendum,
1150 3121 1191 3167 ne
1202 3102 1293 3194 pigra
1327 3103 1361 3170 δι
1384 3102 1555 3171 inefficacia
1580 3103 1639 3170 srnt
1668 3101 1768 3172 medi-
1789 3081 1939 3207 '’⁰''m5'³‘⁶·.

348 3221 514 3280 camenta,
539 3204 661 3296 alioqui
678 3201 799 3293 dolores
823 3192 937 3265 frustm
961 3202 1156 3265 excitantur.
1790 3170 1915 3291 callario,

402 3296 581 3370 Damiscllae
600 3301 719 3378 Dolut,
744 3302 778 3367 δι
793 3295 937 3367 Claudia
952 3298 996 3363 D·
1013 3296 1051 3363 de
1077 3290 1222 3388 bobigny
1244 3301 1275 3366 ln
1291 3292 1376 3370 febre
1400 3299 1498 3396 longa
1522 3296 1630 3371 firtura
1654 3342 1665 3379 ‚
1701 3300 1771 3395 opid
1791 3315 1877 3391 seipso
1932 3289 1950 3332 ³

347 3402 440 3468 nlone
458 3398 584 3474 nostra,
608 3397 703 3464 dolor
717 3399 826 3483 ingens
843 3392 1023 3461 ventriculi.
1051 3394 1224 3483 lnopiuato
1249 3413 1386 3486 utraque
1409 3394 1583 3470 brevillime
1608 3397 1771 3466 convaluit
1796 3395 1936 3474 quiescea-

347 3493 413 3565 usu
435 3494 610 3591 pilularum
627 3491 913 3559 stomachicarum.
940 3488 981 3552 Et
1006 3500 1111 3554 revera
1142 3486 1260 3555 tollunt
1286 3494 1461 3581 quamdam
1494 3487 1620 3563 causam
1643 3498 1776 3581 conjun-
1795 3496 1846 3542 ⁰·

348 3595 436 3665 ctam
457 3592 551 3662 mali.
577 3596 617 3661 Et
635 3590 717 3660 idcm
741 3594 776 3655 in
801 3575 1040 3654 contumacibus
1062 3578 1228 3651 doloribus
1252 3582 1402 3659 stomachi
1417 3589 1619 3662 faciundum.

396 3695 513 3763 Servus
537 3692 682 3759 Gratiani
702 3686 812 3756 cecidit
826 3689 861 3751 in
878 3700 996 3778 caput·
1025 3682 1154 3749 Vulnus
1172 3680 1313 3762 fillium,
1341 3694 1480 3761 vomitus
1507 3685 1578 3760 fictis
1592 3683 1740 3785 frequent
1762 3741 1772 3760 .

350 3794 412 3865 Nil
425 3811 532 3861 tamen
546 3792 690 3859 cranium
707 3778 818 3855 lasum
829 3801 912 3851 erat.
940 3781 1062 3849 Recens
1089 3800 1158 3849 erat
1181 3802 1349 3854 emutatus.
1376 3792 1491 3885 ltaque
1503 3793 1643 3861 vomitus
1668 3794 1700 3860 in
1722 3792 1775 3860 lae·

350 3893 435 3959 fiune
449 3890 558 3983 capitis
572 3886 752 3980 aliquando·
771 3896 1000 3975 argumentum
1024 3874 1117 3948 debet
1130 3879 1187 3949 elle
1205 3885 1245 3949 acl
1271 3892 1421 3973 majorem
1447 3895 1649 3968 cautionem,
1671 3912 1772 3982 quam
1819 3907 1840 3924 ¹·

350 3991 394 4059 ad
421 3985 676 4055 concludendum
693 3984 734 4052 de
756 3980 857 4051 lrabto
873 3982 999 4049 cranio.
1017 3979 1066 4046 lit
1092 3980 1153 4047 hoc
1178 3983 1359 4052 notandum
1373 3984 1449 4063 cll,
1485 3990 1564 4079 quia
1588 3986 1679 4053 multi
1712 3988 1771 4054 hac

350 4096 385 4160 in
411 4108 444 4156 re
460 4085 675 4154 alucimntur.
702 4085 751 4152 Sic
776 4082 887 4149 multis
911 4078 950 4146 de
973 4078 1072 4148 causes
1088 4076 1159 4175 poll
1179 4080 1275 4150 talem
1298 4078 1406 4154 casum
1423 4079 1537 4183 pottll'
1546 4086 1687 4157 vomitus
1703 4077 1772 4155 suc⁴

353 4188 481 4260 cedere,
508 4189 544 4254 δι
568 4206 674 4254 tamen
692 4197 756 4251 non
773 4185 831 4249 crit
857 4177 999 4248 fractura
1023 4177 1110 4246 ulla.
1198 4182 1200 4185 ’
1761 4197 1767 4224 ³

380 4289 507 4355 ‘cenet
533 4287 576 4353 D.
591 4284 631 4351 de
656 4274 752 4351 nete
778 4272 996 4362 febricitabat,
1020 4278 1181 4371 insigniter
1206 4277 1370 4353 tulllebat.
1396 4286 1490 4355 Circa
1513 4303 1665 4381 quartum
1689 4286 1774 4353 ditm

356 4387 552 4479 cethymata.
580 4375 686 4452 Nobis
702 4404 767 4448 non
783 4374 991 4475 apparebant.
1019 4376 1122 4446 Caffia
1139 4371 1205 4446 sero
1218 4382 1313 4452 data.
1333 4385 1478 4454 Multum
1497 4402 1672 4482 purgatus.
1701 4384 1794 4452 Ma.
1841 4405 1892 4451 ro.

355 4506 396 4555 ne
419 4503 528 4583 aperta
554 4499 652 4555 vena.
678 4473 894 4547 Credebamus
919 4480 1084 4573 impurum
1115 4470 1300 4569 sangninem
1330 4479 1509 4572 detrudam
1534 4486 1573 4550 iri
1598 4532 1606 4548 .
1633 4484 1776 4551 sincerus

355 4604 423 4654 crat
437 4629 448 4660 ‚
472 4608 527 4654 nec
544 4588 629 4654 enim
651 4572 754 4647 strum
770 4570 931 4644 habebat.
957 4577 1080 4641 Animo
1091 4566 1204 4645 deltcit
1228 4580 1298 4677 post
1314 4584 1454 4675 primum
1479 4577 1540 4647 lere
1573 4574 1738 4651 val'tulum
1764 4621 1772 4646 .
1882 4559 1922 4592 .=..

362 4685 494 4752 Temere
508 4686 640 4775 quidem
667 4672 849 4748 secabamut
876 4694 1016 4745 ¹terram.
1044 4672 1142 4743 Bilem
1167 4672 1273 4763 lenpaut
1298 4676 1359 4749 fere
1379 4696 1436 4776 per
1459 4674 1606 4749 inferiora
1631 4681 1738 4769 dejecit
1764 4701 1773 4743 -.·

359 4786 597 4874 lterum-atque
613 4784 727 4849 iterum
745 4793 921 4875 purgatus,
949 4774 1068 4864 irregre
1090 4776 1254 4845 convaluit
1272 4827 1279 4843 .
1307 4781 1344 4847 ln
1358 4773 1524 4848 discrimen
1537 4777 1696 4868 00an
1712 4773 1772 4844 est.

358 4886 399 4953 Et
415 4880 462 4948 nil
481 4878 544 4947 tale
561 4878 771 4947 moliendum.
798 4878 938 4947 Naturae
956 4889 1065 4948 totum
1084 4871 1355 4967 relinquendum.
1370 4879 1496 4946 Tamen
1519 4899 1625 4972 quum
1643 4880 1677 4941 δι
1698 4887 1776 4969 pur*
1834 4929 1837 4934 .
1920 4937 1926 4960 ,-

360 4999 461 5077 gatus
482 4982 518 5051 δι
533 4970 791 5078 phlebotomum
804 4973 931 5053 mina,
955 4968 1143 5045 corttaluit.
1169 4974 1337 5045 Valuitid
1369 4974 1501 5068 quinem
1528 4976 1780 5129 experimurat‘pm
1865 4963 1913 5000 ’·’
