4534 5850
593 493 619 555 4
842 459 1691 551 rrrorx1oxum

597 636 652 705 iln
667 633 835 728 proprium
850 622 989 698 febrium
1002 628 1209 696 tertianarum
1228 634 1268 696 ut
1281 624 1375 696 noble
1397 619 1647 698 exacerbentur?
1673 634 1708 698 &
1730 637 1839 702 umen
1859 627 1972 731 dupli⁴

373 754 515 818 Mam,
542 751 590 803 ees
603 734 742 800 tertianae
754 747 862 808 etant,
887 751 1027 822 quarum
1041 717 1236 795 exacerbatio
1249 729 1283 796 in
1297 727 1422 798 nossem
1438 727 1601 798 incideret.
1627 724 1881 800 lmmodubitari
1895 747 1973 829 pot.

346 838 352 853 “
371 828 464 908 febres
543 829 645 900 ellan
666 828 831 898 nobiuma
847 821 945 897 febres
962 829 1126 894 deteriores
1142 821 1327 922 diutiusque
1350 846 1479 906 vexent,
1502 851 1601 922 quam
1614 828 1754 908 diurna,
1776 853 1817 899 an
1837 850 1972 908 contra:

331 970 339 982 κ
375 913 486 1045 sm?
544 933 757 1027 Hippocrates
765 928 938 998 nodurnas
953 928 1059 998 minus
1072 923 1172 994 muas
1186 925 1242 998 elle
1254 927 1376 998 diunris
1392 929 1482 997 docet
1496 930 1530 998 in
1554 928 1646 1025 Epid.
1668 930 1791 1001 Tamen
1807 935 1973 1030 experieri-

374 1007 492 1127 ,ἔξω
545 1032 592 1098 tia
606 1046 715 1097 contra
732 1031 790 1097 niti
814 1029 956 1098 videtur.

429 1111 439 1136 ⁸
595 1121 728 1227 Qibus
743 1150 779 1196 ea
792 1126 972 1224 tempestate
987 1125 1147 1196 detrasius
1162 1119 1287 1221 sanguis
1303 1130 1327 1193 is
1340 1127 1431 1223 plane
1449 1121 1578 1200 vitiosus
1593 1151 1633 1197 ne
1647 1129 1669 1196 fi
1685 1129 1814 1223 quidem
1828 1125 1976 1203 crebrius

547 1227 781 1298 detraheretur.
808 1221 917 1296 Febres
929 1244 1019 1295 erant
1033 1227 1221 1324 populares,
1245 1219 1296 1294 sed
1310 1227 1355 1293 nil
1370 1227 1546 1296 cacoethes.
1573 1229 1689 1298 Multis
1703 1229 1826 1298 dolores
1842 1231 1947 1300 lateris
1963 1258 1975 1310 3

548 1325 574 1394 sr
588 1320 712 1424 sanguis
726 1324 829 1396 statim
841 1326 1060 1396 detraheretur
1071 1319 1238 1395 laudabilis
1253 1342 1338 1406 erat,
1362 1351 1427 1396 non
1441 1330 1486 1397 ita
1500 1325 1595 1419 longe
1609 1325 1679 1426 post
1701 1322 1924 1423 quiescebant,
1938 1332 1973 1399 in

451 1472 453 1477 -
549 1419 692 1497 febribus
705 1444 773 1496 erat
790 1425 883 1523 plane
897 1428 999 1525 putris
1016 1431 1052 1498 δι
1069 1446 1188 1522 magno
1202 1427 1374 1498 commodo
1385 1421 1630 1498 detrahebatur.

374 1557 517 1621 mmm,
599 1528 653 1596 An
676 1527 922 1597 Neotericorum
937 1522 1084 1594 standum
1103 1525 1270 1621 opinione,
1294 1528 1352 1619 qui
1377 1529 1410 1594 in
1429 1519 1590 1605 febribus,
1613 1547 1695 1620 quas
1719 1526 1840 1594 lrumor
1865 1531 1977 1625 pune}

368 1637 507 1717 putrida·
548 1619 631 1694 scens
656 1624 859 1703 accendit,a
884 1649 972 1697 venae
997 1618 1132 1694 seeuone
1145 1641 1341 1722 temperant,
1366 1626 1457 1719 quod
1474 1629 1508 1694 in
1524 1620 1705 1694 mesenterio
1720 1626 1872 1694 humores
1898 1652 1978 1696 con·

373 1711 513 1819 ”wsp-
548 1724 741 1795 eludantur?
765 1724 890 1796 Contra
914 1723 976 1795 slat
999 1725 1205 1822 experientia,
1238 1747 1314 1793 nam
1341 1723 1443 1792 statim
1470 1747 1490 1793 a
1516 1719 1649 1792 sectione
1673 1717 1864 1794 morborum
1888 1727 1978 1796 leva-

370 1812 492 1874 ΜΝ
548 1828 613 1904 tio,
639 1811 812 1895 Rationee
869 1827 1040 1918 yreumatis
1066 1828 1101 1894 δι
1114 1823 1227 1893 caloris
1240 1825 1298 1918 qui
1314 1821 1384 1921 post
1408 1818 1608 1921 paroxysmos
1633 1825 1665 1890 in
1689 1824 1757 1891 imo
1778 1828 1977 1923 concipitur,

371 1899 449 2020 ἵζ’
472 1881 519 1960 s'‘
550 1928 584 1993 δι
608 1928 701 2011 cujus
725 1851 882 2021 impressio
896 1928 974 1998 novi
999 1918 1176 2023 paroxysmi
1202 1923 1322 1992 occasio
1338 1921 1402 2001 est,
1428 1915 1645 2019 phlebotomia
1661 1945 1700 1992 ex
1723 1916 1784 1992 usu
1801 1922 1864 1991 ell.

434 2001 446 2023 ⁰
600 2025 640 2091 ln
669 2039 796 2090 tramore
820 2026 938 2094 ventris
963 2045 1139 2119 puerorum
1165 2045 1271 2114 quum
1304 2015 1474 2116 prasertim
1507 2021 1594 2097 fitis,
1618 2014 1798 2118 symptoma
1830 2019 1895 2094 fere
1928 2025 1978 2092 ins

448 2097 459 2121 ⁶
549 2112 714 2191 tolerabile
739 2118 843 2197 adest,
868 2142 905 2190 eu
920 2126 1056 2189 maxime
1082 2120 1252 2188 methodus
1276 2112 1434 2210 sequenda
1449 2113 1495 2185 est
1523 2133 1562 2184 ut
1586 2117 1711 2188 latentis
1735 2121 1869 2190 incendii
1892 2127 1978 2192 ratio

374 2209 513 2277 Tamti?
550 2214 731 2291 habeatur:
754 2220 880 2290 Caloris
895 2222 980 2289 enim
1005 2220 1094 2289 alieni
1126 2219 1294 2286 dominatu
1321 2233 1470 2285 tenentur
1502 2219 1652 2299 interna,
1685 2219 1821 2316 putredo
1837 2217 1882 2289 est
1905 2219 1979 2287 dii.

355 2307 520 2392 -pueroun
552 2324 628 2392 ‹looe
655 2319 833 2417 impedita,
858 2322 1054 2390 orificiorum
1080 2340 1234 2390 venarum
1251 2310 1489 2387 mesaraicarum
1510 2316 1710 2412 labiumque
1724 2314 1865 2414 ipson'rm
1883 2323 1979 2419 phloc

373 2389 480 2524 zm,
551 2422 649 2518 gosis:
675 2423 791 2514 ltaque
813 2415 908 2490 debet
927 2414 1053 2514 sanguis
1077 2422 1162 2489 mitri
1186 2441 1242 2487 nec
1267 2417 1426 2486 dehortari
1451 2410 1544 2486 debet
1570 2417 1724 2486 aetatula.
1751 2420 1873 2487 Deinde
1898 2443 1976 2518 pur·

373 2526 450 2586 veria
473 2527 518 2600 le·
551 2522 699 2614 garrdum
720 2539 836 2613 corpus
860 2514 954 2590 senna
978 2525 1014 2588 δι’
1038 2519 1116 2586 rheo
1141 2515 1320 2608 frequenter
1346 2516 1397 2586 vel
1422 2509 1540 2610 syrupo
1565 2520 1644 2608 regis
1670 2509 1787 2584 saboris
1810 2541 1885 2587 cum
1909 2515 1978 2590 kn-

374 2607 438 2669 W‘·
550 2640 612 2686 na.
639 2616 711 2685 Nec
728 2611 810 2684 forte
835 2619 943 2685 omitti
957 2609 1050 2685 debet
1068 2618 1228 2710 agaricus,
1244 2617 1279 2683 δι
1294 2615 1506 2710 quiparcurrt
1524 2612 1574 2684 his
1591 2614 1824 2688 medicamentis
1840 2633 1977 2719 parcunt

550 2719 586 2784 &
611 2717 706 2783 vitae.

376 2819 515 2889 Austri„
602 2805 753 2884 Fluvios>
778 2814 852 2884 caelo
886 2809 1043 2913 plerisque
1066 2814 1150 2886 efferi
1173 2815 1209 2887 iri
1241 2815 1409 2913 pulmones
1439 2818 1598 2899 catarrhi,
1623 2840 1729 2916 quum
1746 2834 1838 2894 vaus
1868 2816 1916 2891 eli
1943 2824 1979 2907 iri

374 2896 511 3049 :xm
554 2910 707 3010 pulmone
731 2915 919 2993 infirmitas,
943 2919 977 2985 in
1005 2919 1121 2990 vicinas
1147 2931 1249 3014 partes
1274 2913 1360 2987 facile
1393 2921 1509 2990 vitium
1535 2923 1670 3019 irrepit:
1703 2921 1798 2990 nullis
1821 2915 1884 2990 sere
1906 2915 2008 3031 ῥῑιῑε,ΚΧ

374 3008 519 3112 1„,·„„„,{
557 3013 689 3079 monitis
709 3013 831 3180 ripuod
848 3009 994 3111 pluribus
1015 3017 1152 3087 Medicis
1176 3015 1325 3115 placuit)
1351 3015 1517 3087 laudabilis
1546 3016 1671 3110 samguis
1695 3019 1892 3089 detrahitur.
1920 3015 2011 3101 Sed,

370 3145 500 3209 pm,
553 3109 616 3180 hoc
643 3112 710 3181 Dio
750 3136 804 3181 mo
819 3114 997 3195 utendum3
1023 3117 1055 3186 Si
1070 3121 1286 3214 intemperiem
1304 3116 1439 3184 calidam
1454 3118 1567 3211 pulmo
1585 3118 1745 3211 concepit,
1761 3118 1840 3185 illud
1866 3138 1981 3190 verum

556 3234 621 3278 non
641 3208 702 3287 est,
727 3211 903 3308 liputredo
917 3235 1035 3307 magna
1053 3216 1111 3294 sit,
1136 3232 1265 3283 contra.
1377 3218 1382 3230 '

393 3346 515 3421 Most,
604 3301 737 3402 Qibus
753 3310 815 3404 lien
832 3305 974 3394 laborat,
985 3316 1021 3381 iis
1038 3315 1320 3383 urina‘cineritiam
1341 3310 1531 3411 hypostafim
1549 3306 1666 3382 habere
1684 3304 1802 3388 lblent3
1829 3328 1863 3377 at
1879 3314 1986 3411 hypo-

372 3423 520 3505 sspa‘p‘p'm
553 3404 638 3477 husu
655 3432 720 3476 non
733 3406 794 3488 est,
819 3428 925 3482 tamen
940 3419 1034 3500 juvat
1053 3415 1128 3483 tales
1143 3417 1266 3483 excerni
1292 3416 1423 3490 urinas,
1440 3415 1563 3507 alioqui
1581 3434 1627 3479 res
1644 3412 1794 3478 deteriore
1811 3406 1984 3493 locosunt,

373 3507 496 3587 conseri.
554 3513 590 3577 δε
607 3506 640 3576 id
660 3511 698 3577 fit
713 3501 758 3575 ob
776 3506 1007 3602 congestionem
1025 3516 1061 3577 ὅ(
1075 3516 1327 3578 exonerationem
1354 3514 1498 3601 partium
1518 3513 1714 3575 vicinarum.
1742 3501 1873 3596 Quibus
1897 3509 1984 3576 calor

555 3599 724 3673 subviridis
749 3604 824 3681 cll,
849 3626 901 3671 eos
925 3607 996 3673 talis
1019 3608 1120 3670 urinae
1139 3607 1275 3670 excretio
1293 3606 1382 3666 initio
1410 3606 1527 3683 juvat,
1552 3601 1683 3666 reflatur
1706 3599 1738 3664 id
1764 3601 1923 3683 Galenus,
1948 3610 1983 3673 δι

393 3722 455 3781 ς.)
478 3724 516 3800 fi,
557 3694 679 3766 scribit:
706 3700 837 3778 Jecore,
861 3715 922 3763 aut
951 3698 1029 3764 liene
1050 3700 1134 3764 male
1163 3696 1281 3762 affectis
1306 3695 1490 3782 dejeeliones
1514 3692 1619 3764 serosae
1646 3702 1680 3764 &
1706 3696 1782 3764 tales
1806 3703 1908 3769 urinae
1931 3724 1983 3770 ex-

374 3819 435 3860 ne»
447 3802 520 3873 ede
557 3811 753 3871 cernuntur,
779 3793 877 3885 idque
893 3791 1075 3861 commode:
1103 3795 1204 3890 Qod
1230 3816 1295 3860 non
1320 3786 1364 3860 ab
1387 3794 1498 3863 allecia
1524 3814 1612 3892 parte
1636 3793 1775 3865 defluere
1800 3798 1863 3867 sine
1887 3802 1983 3868 ratio-

375 3882 426 3942 loc.
447 3878 500 3953 aff.
556 3894 711 3962 cinatione
737 3890 826 3959 rudis
850 3907 980 3960 tanturn
1005 3895 1195 3989 experientia
1217 3893 1384 3982 significat,
1409 3895 1554 3988 alioquin
1578 3891 1660 3964 foret
1673 3918 1796 3988 magnae
1819 3897 1985 3971 cruditatis

559 4007 804 4085 argumentum,
831 3991 1055 4083 cacochymiae,
1081 3997 1116 4062 δι
1140 3992 1284 4061 humoris
1298 3985 1469 4089 superflui.

411 4093 489 4154 Alos·
607 4092 728 4162 Multis
752 4084 931 4180 dysenteriae
956 4086 1195 4187 implacabiles,
1221 4092 1391 4188 hydropes.
1419 4095 1489 4187 Qi
1514 4091 1716 4166 detinebatur
1740 4096 1897 4168 diuturna
1922 4100 1986 4167 ter-¹

367 4170 445 4251 fluor
556 4193 644 4258 tiana
669 4191 800 4256 erratica
824 4190 961 4281 largiore
996 4208 1087 4258 utens
1112 4208 1194 4287 potu
1219 4184 1397 4257 sitibundus
1421 4189 1651 4287 permanebat,
1677 4190 1830 4276 aspi‘lp'na
1865 4196 1912 4262 nil
1934 4199 1989 4278 ju·

373 4250 521 4405 23:3⁶
558 4306 631 4367 vat,
660 4290 761 4355 immo
780 4282 948 4358 videbatur
972 4293 1073 4382 magis
1097 4283 1297 4357 intumescere
1323 4282 1500 4357 abdomen.
1528 4293 1580 4361 An
1605 4293 1780 4390 hydropem
1809 4293 1873 4364 alvi
1898 4291 1987 4360 fluor

369 4401 496 4480 sm,
558 4388 662 4455 tollit?
689 4388 721 4454 Si
741 4388 913 4456 Diarrhoea
930 4388 1133 4485 authydrops
1159 4412 1179 4457 a
1204 4385 1433 4468 συναθροισμῇ,
1457 4412 1589 4469 verum3
1614 4394 1693 4461 alias
1708 4393 1795 4488 apud
1805 4394 1987 4491 Hippocra-

373 4486 519 4550 aliusne.
562 4504 626 4555 tem
645 4482 733 4553 fluor
758 4487 821 4557 alvi
847 4504 955 4565 necat,
979 4487 1055 4556 alias
1078 4491 1192 4575 juvat.

611 4583 788 4653 Nonnullis
813 4581 983 4684 praesertim
1008 4589 1085 4656 vino
1108 4587 1220 4657 deditis
1245 4587 1445 4686 llpoplexiae.'
1473 4592 1616 4686 Qidam
1640 4596 1673 4657 in
1699 4589 1911 4689 Apoplexiam
1934 4598 1989 4657 can‘

402 4701 521 4779 Asopis.
563 4684 633 4759 dit,
656 4678 807 4751 omnibus
831 4687 932 4755 modis
957 4689 1117 4777 agitatur,
1143 4689 1249 4785 pulvis
1274 4690 1367 4758 lrierae
1388 4693 1523 4779 injicitur
1548 4694 1580 4758 in
1606 4709 1708 4759 nares.
1738 4692 1791 4757 An
1819 4691 1865 4754 ita
1889 4708 1989 4778 agen-

373 4779 521 4849 tliciss1„,
567 4783 668 4849 dum?
693 4776 915 4853 Observarunt
942 4784 1189 4881 Apopleslicum
1209 4787 1323 4873 injesto
1342 4788 1430 4854 simili
1450 4790 1578 4883 pulvere
1597 4790 1805 4885 Epilepticum
1822 4782 1989 4854 exstitisse:

373 4871 516 5000 :xm
596 4903 646 4950 uae
680 4878 828 4950 calidiora
852 4883 886 4947 in
910 4903 946 4949 os
971 4888 1005 4948 &
1039 4904 1128 4951 nares
1159 4884 1200 4950 ad
1240 4881 1525 4955 sternutamentum
1550 4889 1748 4954 excitandum
1776 4887 1988 4970 injiciuntur,

375 5011 470 5072 m„
562 5002 643 5074 quia
664 4979 762 5053 cruda
783 4964 918 5055 omnino
936 4978 1143 5063 materiatis,
1168 4982 1343 5057 amovenda
1361 4978 1452 5086 sunt.
1478 4986 1545 5059 Cui
1561 4986 1694 5081 „C-oiyza
1719 4983 1990 5146 derepenredincj.

1909 5095 1934 5146 rr
