4534 5850
568 493 806 586 oerrurr.
827 494 1227 578 :neoterium
1254 496 1334 577 ro.
1363 498 1406 578 a·
1599 534 1678 605 20,

308 635 496 741 sanguinem
510 645 610 722 idme
625 650 844 745 (quamquam
908 644 1020 713 imonis
1032 637 1205 716 substantia
1237 662 1308 714 nata
1339 643 1377 711 lit
1409 634 1505 712 talem
1539 634 1726 737 sanguinem

309 744 405 832 dare)
425 756 528 820 rarius
543 749 825 849 peipneumonici,
848 767 871 812 o
922 745 1055 814 calorem
1080 751 1126 813 ait
1156 748 1434 840 intemperantem,
1471 747 1506 812 δι
1528 748 1658 836 igneum
1688 752 1723 818 in

308 845 463 940 pulmone
477 846 678 918 oontenmm'.
693 851 828 941 Qoex
850 843 924 913 loco
940 850 1032 939 patet
1041 843 1177 912 calorem
1190 847 1327 936 igneum
1340 842 1494 938 impedire
1507 834 1626 940 spuma
1632 866 1728 938 gene,

309 947 462 1016 rationem
477 947 548 1017 licet
556 969 627 1046 pars
639 941 829 1017 consentiat.
852 944 978 1012 Contra
988 936 1182 1012 fentitCom.
1191 944 1224 1010 in
1233 960 1314 1037 pare
1326 964 1383 1026 47.
1393 935 1450 1010 lib.
1465 963 1495 1010 ι.
1512 941 1631 1038 Progr
1650 937 1726 1015 Ubi

310 1042 358 1129 eit
375 1045 508 1116 calorem
526 1051 657 1141 igneum
680 1044 802 1116 efficere
827 1039 1035 1110 ii'atulentum
1059 1035 1206 1137 spirirum
1232 1044 1267 1109 δι
1289 1061 1327 1108 tx
1350 1033 1551 1134 mnstquenti
1579 1037 1726 1140 spumam

309 1158 349 1207 ut
362 1141 419 1212 illo
433 1145 503 1214 locd
515 1147 660 1241 colligere
675 1142 740 1213 est.
766 1145 856 1209 item.
873 1140 968 1209 Com.
992 1142 1026 1209 in
1050 1142 1159 1238 partic.
1191 1160 1219 1205 ι.
1242 1131 1300 1207 lib.
1322 1161 1351 1226 3.
1368 1137 1494 1207 Prorrh.
1519 1138 1645 1235 Spuma
1654 1164 1724 1215 ma-

307 1239 445 1312 teria-eit
459 1245 594 1315 humida
613 1250 648 1313 &
665 1232 829 1338 spirituosa
844 1262 883 1308 err
906 1240 1001 1309 Com.
1025 1241 1059 1308 in
1084 1239 1209 1335 Aphor.
1237 1260 1296 1325 43.
1319 1228 1376 1304 lib.
1408 1259 1439 1304 2.
1469 1238 1725 1333 Utramquema-

274 1339 277 1355 '
305 1345 414 1409 tetiam
431 1363 560 1439 oportet
569 1341 687 1418 dividi,
710 1336 930 1434 oonsringique
943 1342 1030 1438 prius
1047 1340 1179 1407 mixtam
1197 1340 1280 1406 inter
1294 1330 1339 1405 se:
1363 1338 1431 1406 duo
1439 1341 1549 1431 itaque
1556 1341 1727 1430 requirun-

307 1451 361 1505 mr
375 1434 493 1518 μῖξκέ·
507 1440 651 1527 δμῖωι.
677 1440 797 1509 Mixtio
810 1433 996 1533 utriusque:
1010 1434 1232 1509 Corrsraciioa
1256 1431 1368 1534 spiritu
1394 1435 1563 1506 liatulcnto
1583 1442 1645 1532 qui
1668 1455 1726 1534 pet

305 1554 433 1606 motum
448 1541 578 1616 incitat,
601 1557 733 1617 movet,
755 1539 890 1617 dividit,
912 1534 1084 1632 confringit
1107 1532 1278 1635 prasertim
1298 1541 1464 1606 materiam
1490 1531 1685 1630 glutinosam
1712 1587 1721 1605 .

306 1630 421 1704 Talem
433 1658 503 1706 eam
519 1636 576 1707 elle
591 1656 718 1734 oportet
733 1658 807 1729 qua
824 1631 969 1734 spumam
994 1636 1039 1707 est
1057 1656 1245 1730 generatura
1270 1686 1279 1704 .
1308 1637 1403 1706 Com.
1421 1639 1454 1705 in
1470 1636 1559 1732 Aph.
1586 1659 1640 1722 30.
1665 1628 1724 1706 lib.

305 1750 340 1818 7.
361 1736 475 1829 paullo
489 1737 580 1805 aliter
595 1758 663 1804 rem
682 1735 873 1803 considerat.
896 1737 1040 1832 Exempli
1057 1737 1160 1825 gratia
1185 1729 1296 1830 spuma
1315 1755 1334 1801 a
1351 1737 1467 1829 pituita
1494 1738 1615 1823 agitata
1641 1735 1725 1803 exci-

304 1843 415 1900 tatur.
441 1833 560 1902 Pituita
585 1840 717 1902 materia
732 1830 793 1911 est,
817 1856 883 1901 non
897 1833 973 1900 dicit
986 1853 1024 1901 ut
1040 1834 1104 1900 alio
1121 1832 1212 1909 loco,
1237 1833 1402 1900 materiam
1424 1831 1480 1899 elle
1499 1831 1667 1899 humidam
1682 1835 1720 1907 δε

304 1920 525 2023 spirituosam:
550 1932 692 2010 Deinde,
716 1935 778 2009 ait,
802 1929 917 2006 πιιῦμα
930 1929 1045 2010 mite
1058 1929 1101 1999 est
1115 1925 1404 2017 causaconjundia
1427 1933 1551 2027 pituita:
1570 1935 1583 2008 ,'
1615 1923 1650 1997 su
1674 1928 1726 2026 pla·

302 2021 458 2096 converse
472 2031 505 2096 in
525 2029 641 2098 ilatum
663 2030 802 2123 (alioqui
816 2029 905 2098 locus
923 2030 994 2099 esset
1009 2024 1186 2107 obscurus,
1211 2051 1318 2124 quum
1342 2031 1456 2126 pituita
1477 2022 1551 2126 sape
1574 1955 1675 2098 <auf
1683 2029 1723 2102 stt

303 2122 433 2193 flatuosr
447 2121 592 2224 spiritus)
616 2127 712 2207 idest,
735 2123 862 2226 spiritus
885 2125 930 2197 est
952 2121 1045 2198 eauss
1068 2152 1128 2198 cur
1150 2131 1289 2197 materie
1306 2129 1621 2225 partesdividanrur,
1645 2148 1723 2225 per·

302 2223 539 2319 cellanturque,
564 2227 649 2294 unde
664 2221 797 2323 spuma.
824 2231 865 2296 Et
882 2228 951 2295 talis
959 2223 1053 2299 eausa
1060 2227 1231 2317 conjunfia
1247 2250 1359 2324 nempe
1373 2229 1489 2302 ιιιιῦμα
1499 2222 1633 2303 eume,
1658 2227 1719 2292 mi-

303 2315 405 2389 scetur
422 2347 497 2391 cum
509 2330 641 2394 materia
663 2318 812 2422 pituitola
830 2325 978 2416 (inquit)
1004 2329 1174 2419 utiturque
1199 2346 1293 2394 motu
1308 2323 1454 2416 inaequali
1471 2325 1512 2391 ad
1529 2317 1647 2418 spumae
1663 2345 1718 2414 ge-

302 2426 515 2489 nerationem.
542 2426 583 2490 Et
597 2424 680 2492 idem
701 2416 827 2520 spiritus
841 2423 1035 2515 diffringitur
1054 2444 1108 2518 per
1123 2441 1271 2502 motum,
1295 2425 1496 2518 &pituitam
1522 2426 1557 2488 in
1580 2422 1722 2491 minutas

301 2538 411 2613 partes·
424 2520 529 2588 diritin
555 2524 597 2588 it.
625 2525 676 2590 De
691 2545 729 2590 eo
746 2539 838 2589 motu
857 2525 892 2590 δι
916 2515 1009 2590 causa
1024 2516 1143 2619 spuma
1161 2524 1304 2618 Hippoc.
1322 2522 1414 2588 initio
1432 2514 1487 2587 lib.
1504 2519 1656 2587 deGenit.
1671 2521 1722 2588 di-

305 2608 437 2714 sputaus
451 2643 507 2688 cur
524 2544 705 2716 fpumosum
725 2621 762 2686 sit
776 2613 914 2716 sperma.
943 2615 1212 2715 Diversaquidem
1219 2615 1367 2690 hoeesunt
1391 2612 1515 2696 verbis,
1540 2613 1591 2686 sed
1606 2641 1721 2686 recon-

306 2717 456 2786 ierriunt.
486 2716 665 2788 Difficultas
682 2739 808 2789 tantum
832 2722 941 2785 oritur
957 2717 1049 2787 haec:
1076 2724 1110 2787 in
1132 2741 1163 2785 2.
1186 2741 1205 2787 a
1231 2713 1360 2788 horism.
1383 2717 1493 2814 aphor.
1520 2740 1578 2803 43.
1610 2715 1723 2788 consti·

303 2811 499 2884 tuitcausam
509 2819 721 2893 materialem,
745 2811 1161 2913 humidam&spirituofam
1170 2743 1395 2896 suffundam,
1419 2840 1519 2911 quam
1543 2837 1717 2911 utramque

304 2915 376 2983 vile
400 2909 537 2994 misceri,
561 2922 595 2986 δι
612 2912 739 3007 refringi
755 2940 774 2984 a
793 2933 883 2983 motu
899 2913 1024 2995 valido,
1049 2936 1106 2986 aut
1129 2940 1149 2985 a
1173 2916 1295 2996 calore,
1320 2921 1355 2989 δι
1387 2917 1427 2984 sac
1450 2937 1507 2985 aut
1535 2908 1638 2985 bullas
1661 2936 1720 2987 aut

306 3006 331 3082 s
344 3037 454 3082 umam
477 3018 621 3084 excitari:
647 3012 912 3110 septimoautem
936 3009 1189 3110 aphorismorum
1198 3038 1295 3084 unam
1303 3008 1431 3082 causam
1439 3015 1631 3082 materialem
1640 3038 1721 3083 oon·

305 3039 425 3194 diruit,
448 3115 581 3211 exempli
606 3118 727 3209 gratia,
753 3117 923 3211 pituitam,
954 3137 1030 3181 cum
1054 3136 1120 3207 qua
1145 3116 1264 3181 mixtus
1295 3107 1421 3212 spiritus
1449 3106 1604 3179 flamosus
1625 3131 1723 3181 utens
1767 3141 1768 3145 ¹

305 3232 399 3281 motu
419 3214 615 3294 vehementr,
639 3236 675 3282 ac
695 3214 796 3285 veluti
809 3218 842 3282 in
867 3206 1110 3290 recontractus,
1143 3215 1307 3281 materiam
1339 3204 1437 3308 ipsam
1457 3206 1598 3303 refringit
1620 3259 1629 3276 .
1667 3212 1720 3287 Sic

302 3332 372 3378 uno
384 3315 418 3380 in
435 3313 511 3382 lo'co
522 3311 638 3387 πιιῖιμιι
653 3318 687 3381 &
712 3336 801 3382 aerea
824 3306 995 3380 substantia
1021 3310 1064 3379 est
1081 3334 1140 3405 pro
1165 3314 1318 3385 materia,
1339 3312 1376 3378 in
1401 3335 1433 3395 7.
1449 3303 1632 3405 Aphorifin.
1658 3332 1720 3405 pro

301 3405 396 3478 eausa
418 3409 605 3499 conpendia.
632 3412 756 3480 Revera
770 3411 884 3476 clarius
900 3404 1102 3500 apertiusque
1120 3413 1155 3475 δι
1171 3410 1282 3475 melius
1301 3431 1368 3476 rem
1385 3408 1500 3474 docuit.
1520 3410 1553 3473 in
1578 3406 1718 3475 lotoisto

299 3501 425 3604 septimi
444 3502 717 3605 aphorismorum:
730 3531 732 3534 ’
743 3508 832 3575 Nam
857 3498 1065 3591 substantias
1078 3501 1208 3574 irituosa
1224 3529 1291 3574 non
1304 3503 1348 3574 est
1371 3499 1463 3574 causa
1486 3504 1662 3574 materialis.
1679 3521 1719 3574 ut

302 3627 342 3675 ex
365 3629 396 3673 2.
412 3599 669 3702 aphorismorum
687 3607 757 3674 licet
775 3607 936 3696 colligere,
962 3600 1012 3675 sed
1030 3531 1079 3673 ef
1092 3605 1174 3696 quid
1191 3598 1348 3675 diversum
1367 3626 1388 3672 a
1412 3606 1542 3673 materia
1567 3595 1717 3701 ipsaglu⁴

302 3699 426 3784 tinosa‚
451 3726 510 3774 aut
527 3701 621 3798 crassa
643 3705 791 3802 paullum
812 3729 886 3799 qua
901 3707 933 3770 in
952 3726 1056 3802 partes
1073 3703 1227 3773 dividitur
1244 3727 1280 3771 ac
1291 3698 1480 3771 discutitur.
1511 3705 1562 3774 Sic
1587 3721 1719 3782 motus,

304 3807 341 3873 δι
358 3804 444 3873 calor
462 3799 629 3873 flatuosam
652 3800 858 3875 substantiam
867 3822 906 3870 ut
930 3809 1081 3875 remotior
1092 3798 1186 3871 eausa
1194 3796 1317 3881 defun,
1342 3797 1505 3895 refringit,
1530 3805 1714 3893 agitatque:

301 3902 417 3973 deinde
432 3897 567 3973 flatuosa
582 3898 753 3972 substantia
768 3904 906 3972 admixta
925 3905 1020 3973 alteri
1044 3906 1179 3971 materia
1197 3920 1381 3993 tamquam,
1396 3901 1478 3995 quid
1500 3892 1682 3977 otelhaim
1703 3927 1718 3975 a

302 3998 403 4086 idest,
427 3996 521 4071 causa
547 4004 729 4079 contirens,
748 4001 838 4071 istam
851 4007 1016 4073 materiam
1041 4000 1182 4093 refringit
1214 4004 1365 4094 quoque,
1399 4000 1485 4067 unde
1510 3993 1636 4095 spuma.
1676 4002 1716 4067 Et

304 4095 398 4170 causa
414 4120 522 4169 motus
538 4101 762 4196 iliius,:.quem
780 4094 880 4167 nitran
898 4097 1048 4177 &dmm
1068 4121 1158 4170 vocat
1172 4146 1181 4175 ,
1195 4101 1198 4108 ’
1210 4104 1245 4169 &
1270 4122 1301 4166 2.
1319 4092 1598 4199 aphorismorum,
1628 4111 1715 4163 aaa<

307 4195 510 4286 aln'icimpah,
534 4203 619 4270 &in
644 4220 674 4268 2.
701 4198 866 4289 Prognost.
881 4195 1151 4277 ssteimiumn,
1176 4206 1288 4297 partic.
1312 4223 1367 4285 47.
1415 4201 1513 4291 uique
1530 4217 1637 4266 motus
1649 4200 1715 4293 pri-

307 4321 398 4368 mum
414 4299 550 4396 impellit
568 4293 773 4370 substmrtiam
785 4293 969 4377 fiatuohm,
996 4293 1071 4397 sepe
1093 4294 1211 4369 inclusi
1235 4296 1279 4367 est
1300 4304 1336 4367 in
1356 4222 1422 4396 ipsa
1443 4300 1577 4366 materia
1597 4296 1716 4365 flatuo-

304 4393 355 4470 fi.
382 4400 562 4495 Qomodo
579 4397 711 4490 intelligi
726 4394 819 4466 debet
839 4399 926 4466 locus
944 4399 1120 4468 admodum
1147 4391 1301 4466 obscurus
1330 4399 1425 4467 Com.
1448 4399 1482 4463 in
1512 4396 1635 4494 Aphor.
1660 4418 1715 4480 30.

305 4489 362 4565 lib.
387 4520 419 4581 7.
444 4491 648 4571 τῖςῧπιιιῦτιις
669 4496 749 4578 attiae=
758 4489 877 4569 κιιῖπίως
897 4497 954 4560 tire
969 4492 1066 4560 ,elada
1082 4492 1162 4575 φύσις
1185 4490 1293 4561 eirfet.
1320 4495 1410 4563 Talis
1424 4517 1501 4578 vegro
1522 4491 1718 4584 motus(qui

301 4644 327 4677 „
352 4591 567 4663 auctoretas
581 4620 662 4666 uma:
682 4588 886 4663 secundarius.
906 4598 950 4661 δι’
964 4585 1272 4669 velutimoitdun
1292 4597 1303 4678 )
1328 4598 1386 4686 qui
1413 4592 1469 4690 ipsi
1497 4586 1721 4759 adestlsupggi.

303 4740 327 4777 „
352 4686 525 4787 spirituosa·
544 4623 740 4771 fubstantiae,
764 4716 838 4787 quae
854 4685 1010 4760 causaest
1032 4687 1200 4777 ωηιιιιιᾶι
1218 4694 1342 4785 pituitae
1370 4694 1403 4758 in
1434 4685 1577 4787 spumam
1602 4707 1657 4761 vet

306 4792 438 4893 propria
453 4810 565 4860 natura
588 4790 679 4864 eausa
696 4791 758 4873 esti
784 4789 879 4866 idest,
903 4791 938 4858 in
954 4795 1085 4859 materia
1096 4781 1161 4885 ipsa
1180 4782 1342 4884 spirituosa
1356 4785 1474 4860 inciuia
1488 4789 1531 4860 est
1546 4784 1717 4859 eausamo-
1810 4857 1813 4864 f

305 4914 357 4963 tus
371 4889 548 4982 aliquando
560 4935 569 4965 ,
581 4892 755 4987 aliquando
764 4892 891 4962 acalore
900 4887 963 4959 est.
978 4894 1083 4960 lrnmo
1092 4893 1103 4974 l
1112 4888 1202 4983 quod
1211 4888 1382 4958 mirumest
1391 4890 1522 4985 linipsu
1531 4881 1718 4983 corporibus

309 4982 477 5086 inquibus
502 4981 613 5084 spuma
628 5010 816 5084 generatur,
840 5010 879 5061 ut
887 5013 993 5086 quum
1004 4985 1134 5087 sputum
1145 4980 1293 5085 spumans
1309 4992 1364 5058 fit:
1387 4989 1486 5060 calor
1503 4980 1722 5081 ipsum&-

419 5088 563 5155 Rationis·
571 5091 667 5183 Optr.
678 5093 802 5160 Tenem
813 5094 843 5157 I.
1310 5104 1345 5173 0
1638 5100 1671 5148 fc
