<?xml version="1.0" encoding="UTF-8"?>
<!DOCTYPE html PUBLIC "-//W3C//DTD XHTML 1.0 Transitional//EN"
    "http://www.w3.org/TR/xhtml1/DTD/xhtml1-transitional.dtd">
<html xmlns="http://www.w3.org/1999/xhtml" xml:lang="en" lang="en">
 <head>
  <title>
</title>
<meta http-equiv="Content-Type" content="text/html;charset=utf-8" />
  <meta name='ocr-system' content='tesseract 3.04.00' />
  <meta name='ocr-capabilities' content='ocr_page ocr_carea ocr_par ocr_line ocrx_word'/>
</head>
<body>
  <div class='ocr_page' id='page_1' title='image "./operaomniamedic00thgoog/operaomniamedic00thgoog_0133.png"; bbox 0 0 4534 5850; ppageno 0'>
   <div class='ocr_carea' id='block_1_1' title="bbox 535 488 1707 603">
    <p class='ocr_par' dir='ltr' id='par_1_1' title="bbox 535 488 1707 603">
     <span class='ocr_line' id='line_1_1' title="bbox 535 488 1707 603; baseline 0.005 -31"><span class='ocrx_word' id='word_1_1' title='bbox 535 488 1539 584; x_wconf 75' lang='lat' dir='ltr'>ererue·ueutuuu,eru.rr.</span> <span class='ocrx_word' id='word_1_2' title='bbox 1643 498 1707 603; x_wconf 68' lang='lat'>9,-</span> 
     </span>
    </p>
   </div>
   <div class='ocr_carea' id='block_1_2' title="bbox 285 642 1922 4880">
    <p class='ocr_par' dir='ltr' id='par_1_2' title="bbox 305 642 1742 1040">
     <span class='ocr_line' id='line_1_2' title="bbox 305 642 1739 744; baseline 0.001 -24"><span class='ocrx_word' id='word_1_3' title='bbox 305 650 413 723; x_wconf 80' lang='lat' dir='ltr'>riatur</span> <span class='ocrx_word' id='word_1_4' title='bbox 437 643 528 744; x_wconf 89' lang='lat' dir='ltr'>apud</span> <span class='ocrx_word' id='word_1_5' title='bbox 553 647 811 743; x_wconf 74' lang='lat' dir='ltr'>Hippocratem,</span> <span class='ocrx_word' id='word_1_6' title='bbox 836 644 952 742; x_wconf 81' lang='lat' dir='ltr'>Qum</span> <span class='ocrx_word' id='word_1_7' title='bbox 977 664 1093 717; x_wconf 91' lang='lat' dir='ltr'>natura</span> <span class='ocrx_word' id='word_1_8' title='bbox 1118 642 1233 742; x_wconf 80' lang='lat' dir='ltr'>frigida</span> <span class='ocrx_word' id='word_1_9' title='bbox 1258 649 1427 718; x_wconf 77' lang='lat' dir='ltr'><strong>mulierum</strong></span> <span class='ocrx_word' id='word_1_10' title='bbox 1461 650 1588 724; x_wconf 89' lang='lat' dir='ltr'>modico</span> <span class='ocrx_word' id='word_1_11' title='bbox 1610 671 1739 724; x_wconf 69' lang='lat' dir='ltr'>contra.</span> 
     </span>
     <span class='ocr_line' id='line_1_3' title="bbox 306 739 1742 851; baseline 0.003 -35"><span class='ocrx_word' id='word_1_12' title='bbox 306 753 436 824; x_wconf 87' lang='lat' dir='ltr'>riorum</span> <span class='ocrx_word' id='word_1_13' title='bbox 458 739 514 821; x_wconf 89' lang='lat' dir='ltr'>usu</span> <span class='ocrx_word' id='word_1_14' title='bbox 536 744 671 840; x_wconf 80' lang='lat' dir='ltr'>gaudere</span> <span class='ocrx_word' id='word_1_15' title='bbox 695 740 843 824; x_wconf 78' lang='lat' dir='ltr'>videatur</span> <span class='ocrx_word' id='word_1_16' title='bbox 866 788 877 818; x_wconf 82' lang='grc'><em>,</em></span> <span class='ocrx_word' id='word_1_17' title='bbox 902 739 1083 851; x_wconf 79' lang='lat' dir='ltr'>squalidum</span> <span class='ocrx_word' id='word_1_18' title='bbox 1115 764 1242 844; x_wconf 86' lang='lat' dir='ltr'>tempus</span> <span class='ocrx_word' id='word_1_19' title='bbox 1270 743 1349 816; x_wconf 83' lang='lat' dir='ltr'>sorte</span> <span class='ocrx_word' id='word_1_20' title='bbox 1372 743 1539 828; x_wconf 88' lang='lat' dir='ltr'>conseret,</span> <span class='ocrx_word' id='word_1_21' title='bbox 1571 739 1742 832; x_wconf 73' lang='lat' dir='ltr'>absumcut¹</span> 
     </span>
     <span class='ocr_line' id='line_1_4' title="bbox 310 838 1739 945; baseline 0 -27"><span class='ocrx_word' id='word_1_22' title='bbox 310 847 532 918; x_wconf 87' lang='lat' dir='ltr'>htuniditatem</span> <span class='ocrx_word' id='word_1_23' title='bbox 558 841 716 912; x_wconf 78' lang='lat' dir='ltr'>numu.</span> <span class='ocrx_word' id='word_1_24' title='bbox 743 838 921 919; x_wconf 85' lang='lat' dir='ltr'>Posterius,</span> <span class='ocrx_word' id='word_1_25' title='bbox 945 846 1077 936; x_wconf 73' lang='lat' dir='ltr'>quitum</span> <span class='ocrx_word' id='word_1_26' title='bbox 1102 845 1156 913; x_wconf 83' lang='lat' dir='ltr'>alii</span> <span class='ocrx_word' id='word_1_27' title='bbox 1174 839 1278 915; x_wconf 80' lang='lat' dir='ltr'><strong>morbi</strong></span> <span class='ocrx_word' id='word_1_28' title='bbox 1304 845 1372 945; x_wconf 76' lang='lat' dir='ltr'>posi</span> <span class='ocrx_word' id='word_1_29' title='bbox 1392 842 1739 930; x_wconf 80' lang='lat' dir='ltr'>tonsillas„isclriadcs,</span> 
     </span>
     <span class='ocr_line' id='line_1_5' title="bbox 308 938 1291 1040; baseline -0.004 -24"><span class='ocrx_word' id='word_1_30' title='bbox 308 946 435 1016; x_wconf 92' lang='lat' dir='ltr'>dolores</span> <span class='ocrx_word' id='word_1_31' title='bbox 456 945 566 1040; x_wconf 77' lang='lat' dir='ltr'>eapitis</span> <span class='ocrx_word' id='word_1_32' title='bbox 590 945 624 1010; x_wconf 94' lang='lat' dir='ltr'>in</span> <span class='ocrx_word' id='word_1_33' title='bbox 648 941 819 1020; x_wconf 78' lang='lat' dir='ltr'>hominum</span> <span class='ocrx_word' id='word_1_34' title='bbox 844 962 944 1031; x_wconf 85' lang='lat' dir='ltr'>genus</span> <span class='ocrx_word' id='word_1_35' title='bbox 969 938 1076 1013; x_wconf 84' lang='lat' dir='ltr'>misere</span> <span class='ocrx_word' id='word_1_36' title='bbox 1101 938 1291 1014; x_wconf 83' lang='lat' dir='ltr'>invaserint.</span> 
     </span>
    </p>

    <p class='ocr_par' dir='ltr' id='par_1_3' title="bbox 296 1034 1887 2718">
     <span class='ocr_line' id='line_1_6' title="bbox 357 1034 1740 1143; baseline -0.001 -29"><span class='ocrx_word' id='word_1_37' title='bbox 357 1049 408 1114; x_wconf 83' lang='lat' dir='ltr'>Ac</span> <span class='ocrx_word' id='word_1_38' title='bbox 430 1041 680 1141; x_wconf 84' lang='lat' dir='ltr'>primumquod</span> <span class='ocrx_word' id='word_1_39' title='bbox 700 1046 735 1108; x_wconf 90' lang='lat' dir='ltr'>in</span> <span class='ocrx_word' id='word_1_40' title='bbox 750 1034 960 1132; x_wconf 64' lang='lat' dir='ltr'>,squaloribus</span> <span class='ocrx_word' id='word_1_41' title='bbox 985 1043 1069 1124; x_wconf 86' lang='lat' dir='ltr'>mala</span> <span class='ocrx_word' id='word_1_42' title='bbox 1094 1043 1254 1114; x_wconf 87' lang='lat' dir='ltr'>dolorifica</span> <span class='ocrx_word' id='word_1_43' title='bbox 1278 1038 1321 1113; x_wconf 92' lang='lat' dir='ltr'>ab</span> <span class='ocrx_word' id='word_1_44' title='bbox 1346 1045 1505 1113; x_wconf 91' lang='lat' dir='ltr'>indomito</span> <span class='ocrx_word' id='word_1_45' title='bbox 1540 1048 1648 1143; x_wconf 83' lang='lat' dir='ltr'>potius</span> <span class='ocrx_word' id='word_1_46' title='bbox 1673 1039 1740 1113; x_wconf 88' lang='lat' dir='ltr'>sero</span> 
     </span>
     <span class='ocr_line' id='line_1_7' title="bbox 306 1137 1740 1240; baseline 0.002 -29"><span class='ocrx_word' id='word_1_47' title='bbox 306 1137 419 1217; x_wconf 71' lang='lat' dir='ltr'>firbtus</span> <span class='ocrx_word' id='word_1_48' title='bbox 440 1137 594 1240; x_wconf 80' lang='lat' dir='ltr'>serpente,</span> <span class='ocrx_word' id='word_1_49' title='bbox 619 1162 762 1235; x_wconf 85' lang='lat' dir='ltr'>quama</span> <span class='ocrx_word' id='word_1_50' title='bbox 787 1139 891 1218; x_wconf 82' lang='lat' dir='ltr'>multa</span> <span class='ocrx_word' id='word_1_51' title='bbox 915 1148 1068 1226; x_wconf 88' lang='lat' dir='ltr'>materia,</span> <span class='ocrx_word' id='word_1_52' title='bbox 1094 1146 1127 1210; x_wconf 93' lang='lat' dir='ltr'>in</span> <span class='ocrx_word' id='word_1_53' title='bbox 1151 1142 1270 1236; x_wconf 75' lang='lat' dir='ltr'>vulgus</span> <span class='ocrx_word' id='word_1_54' title='bbox 1296 1138 1423 1225; x_wconf 84' lang='lat' dir='ltr'>saeviant</span> <span class='ocrx_word' id='word_1_55' title='bbox 1445 1190 1455 1220; x_wconf 89' lang='lat'>,</span> <span class='ocrx_word' id='word_1_56' title='bbox 1481 1162 1740 1240; x_wconf 60' lang='lat' dir='ltr'>praetereaque</span> 
     </span>
     <span class='ocr_line' id='line_1_8' title="bbox 305 1235 1740 1341; baseline -0.001 -29"><span class='ocrx_word' id='word_1_57' title='bbox 305 1237 445 1341; x_wconf 89' lang='lat' dir='ltr'>superius</span> <span class='ocrx_word' id='word_1_58' title='bbox 461 1242 549 1323; x_wconf 63' lang='lat' dir='ltr'>dicia</span> <span class='ocrx_word' id='word_1_59' title='bbox 574 1235 666 1320; x_wconf 78' lang='lat' dir='ltr'>sunt,</span> <span class='ocrx_word' id='word_1_60' title='bbox 689 1236 772 1306; x_wconf 86' lang='lat' dir='ltr'>illud</span> <span class='ocrx_word' id='word_1_61' title='bbox 791 1236 834 1309; x_wconf 88' lang='lat' dir='ltr'>cst</span> <span class='ocrx_word' id='word_1_62' title='bbox 849 1235 1145 1319; x_wconf 84' lang='lat' dir='ltr'>commemorabile,</span> <span class='ocrx_word' id='word_1_63' title='bbox 1170 1243 1261 1337; x_wconf 91' lang='lat' dir='ltr'>quod</span> <span class='ocrx_word' id='word_1_64' title='bbox 1280 1236 1386 1312; x_wconf 82' lang='lat' dir='ltr'>scribit</span> <span class='ocrx_word' id='word_1_65' title='bbox 1412 1245 1655 1339; x_wconf 81' lang='lat' dir='ltr'>Hippocrates,</span> <span class='ocrx_word' id='word_1_66' title='bbox 1679 1244 1740 1310; x_wconf 92' lang='lat' dir='ltr'>do-</span> 
     </span>
     <span class='ocr_line' id='line_1_9' title="bbox 303 1329 1876 1439; baseline -0.002 -28"><span class='ocrx_word' id='word_1_67' title='bbox 303 1342 439 1411; x_wconf 88' lang='lat' dir='ltr'>lorificas</span> <span class='ocrx_word' id='word_1_68' title='bbox 465 1342 646 1410; x_wconf 82' lang='lat' dir='ltr'>admodum</span> <span class='ocrx_word' id='word_1_69' title='bbox 663 1337 876 1435; x_wconf 86' lang='lat' dir='ltr'>opltthalmias</span> <span class='ocrx_word' id='word_1_70' title='bbox 898 1341 931 1406; x_wconf 92' lang='lat' dir='ltr'>in</span> <span class='ocrx_word' id='word_1_71' title='bbox 955 1335 1156 1434; x_wconf 61' lang='lat' dir='ltr'>mensoribus</span> <span class='ocrx_word' id='word_1_72' title='bbox 1181 1348 1311 1435; x_wconf 84' lang='lat' dir='ltr'>vagari.</span> <span class='ocrx_word' id='word_1_73' title='bbox 1340 1344 1443 1425; x_wconf 88' lang='lat' dir='ltr'>lmmo</span> <span class='ocrx_word' id='word_1_74' title='bbox 1469 1343 1628 1417; x_wconf 68' lang='lat' dir='ltr'>finiverat</span> <span class='ocrx_word' id='word_1_75' title='bbox 1653 1344 1739 1439; x_wconf 82' lang='lat' dir='ltr'>Hip·</span> <span class='ocrx_word' id='word_1_76' title='bbox 1762 1329 1876 1428; x_wconf 54' lang='lat' dir='ltr'>seua.</span> 
     </span>
     <span class='ocr_line' id='line_1_10' title="bbox 308 1413 1887 1544; baseline 0 -34"><span class='ocrx_word' id='word_1_77' title='bbox 308 1460 472 1539; x_wconf 88' lang='lat' dir='ltr'>pocratcs,</span> <span class='ocrx_word' id='word_1_78' title='bbox 497 1464 565 1511; x_wconf 90' lang='lat' dir='ltr'>non</span> <span class='ocrx_word' id='word_1_79' title='bbox 585 1434 682 1538; x_wconf 77' lang='lat' dir='ltr'>posset</span> <span class='ocrx_word' id='word_1_80' title='bbox 697 1437 812 1515; x_wconf 81' lang='lat' dir='ltr'>melius</span> <span class='ocrx_word' id='word_1_81' title='bbox 836 1431 1004 1509; x_wconf 85' lang='lat' dir='ltr'>describere</span> <span class='ocrx_word' id='word_1_82' title='bbox 1024 1434 1186 1521; x_wconf 79' lang='lat' dir='ltr'>morbos,</span> <span class='ocrx_word' id='word_1_83' title='bbox 1211 1431 1335 1535; x_wconf 81' lang='lat' dir='ltr'>quieti</span> <span class='ocrx_word' id='word_1_84' title='bbox 1357 1436 1428 1539; x_wconf 93' lang='lat' dir='ltr'>ipso</span> <span class='ocrx_word' id='word_1_85' title='bbox 1452 1459 1595 1544; x_wconf 87' lang='lat' dir='ltr'>tempore</span> <span class='ocrx_word' id='word_1_86' title='bbox 1629 1442 1739 1534; x_wconf 80' lang='lat' dir='ltr'>uagati</span> <span class='ocrx_word' id='word_1_87' title='bbox 1763 1413 1856 1492; x_wconf 54' lang='grc' dir='ltr'>’Μ</span> <span class='ocrx_word' id='word_1_88' title='bbox 1884 1434 1887 1437; x_wconf 56' lang='grc'><strong>’</strong></span> 
     </span>
     <span class='ocr_line' id='line_1_11' title="bbox 301 1535 1739 1639; baseline 0.001 -31"><span class='ocrx_word' id='word_1_89' title='bbox 301 1548 326 1589; x_wconf 68' lang='lat'>1‘</span> <span class='ocrx_word' id='word_1_90' title='bbox 350 1535 441 1610; x_wconf 88' lang='lat' dir='ltr'>sunt.</span> <span class='ocrx_word' id='word_1_91' title='bbox 469 1541 558 1609; x_wconf 84' lang='lat' dir='ltr'>Nam</span> <span class='ocrx_word' id='word_1_92' title='bbox 584 1545 618 1619; x_wconf 75' lang='grc' dir='ltr'>δι</span> <span class='ocrx_word' id='word_1_93' title='bbox 645 1542 790 1607; x_wconf 88' lang='lat' dir='ltr'>meminit</span> <span class='ocrx_word' id='word_1_94' title='bbox 806 1536 936 1614; x_wconf 80' lang='lat' dir='ltr'>tullium</span> <span class='ocrx_word' id='word_1_95' title='bbox 953 1539 1315 1620; x_wconf 69' lang='lat' dir='ltr'>uehementissimum,</span> <span class='ocrx_word' id='word_1_96' title='bbox 1340 1545 1375 1610; x_wconf 90' lang='lat'>&amp;</span> <span class='ocrx_word' id='word_1_97' title='bbox 1393 1542 1739 1639; x_wconf 77' lang='lat' dir='ltr'>peripneumoniarum,</span> 
     </span>
     <span class='ocr_line' id='line_1_12' title="bbox 301 1631 1738 1735; baseline -0.001 -26"><span class='ocrx_word' id='word_1_98' title='bbox 301 1645 326 1688; x_wconf 74' lang='lat'>⁵‘</span> <span class='ocrx_word' id='word_1_99' title='bbox 349 1644 385 1709; x_wconf 76' lang='lat' dir='ltr'>dc</span> <span class='ocrx_word' id='word_1_100' title='bbox 410 1659 484 1708; x_wconf 91' lang='lat' dir='ltr'>ante</span> <span class='ocrx_word' id='word_1_101' title='bbox 510 1635 741 1732; x_wconf 65' lang='grc' dir='ltr'>ιειιιιιιιοιέὶιιιιιι</span> <span class='ocrx_word' id='word_1_102' title='bbox 764 1631 907 1706; x_wconf 86' lang='lat' dir='ltr'>saucium</span> <span class='ocrx_word' id='word_1_103' title='bbox 931 1638 1203 1722; x_wconf 82' lang='lat' dir='ltr'>inflammatamm</span> <span class='ocrx_word' id='word_1_104' title='bbox 1232 1685 1243 1717; x_wconf 87' lang='lat'>,</span> <span class='ocrx_word' id='word_1_105' title='bbox 1270 1645 1305 1710; x_wconf 87' lang='lat'><strong>&amp;</strong></span> <span class='ocrx_word' id='word_1_106' title='bbox 1330 1642 1452 1735; x_wconf 77' lang='lat' dir='ltr'>levium</span> <span class='ocrx_word' id='word_1_107' title='bbox 1479 1642 1702 1713; x_wconf 73' lang='lat' dir='ltr'>siderationem</span> <span class='ocrx_word' id='word_1_108' title='bbox 1729 1664 1738 1707; x_wconf 81' lang='lat' dir='ltr'>e</span> 
     </span>
     <span class='ocr_line' id='line_1_13' title="bbox 302 1732 1738 1833; baseline -0.002 -25"><span class='ocrx_word' id='word_1_109' title='bbox 302 1739 427 1808; x_wconf 79' lang='lat' dir='ltr'>Deinde</span> <span class='ocrx_word' id='word_1_110' title='bbox 450 1733 510 1806; x_wconf 91' lang='lat' dir='ltr'>sub</span> <span class='ocrx_word' id='word_1_111' title='bbox 530 1741 626 1811; x_wconf 85' lang='lat' dir='ltr'>finem</span> <span class='ocrx_word' id='word_1_112' title='bbox 652 1740 717 1804; x_wconf 88' lang='lat' dir='ltr'>ait:</span> <span class='ocrx_word' id='word_1_113' title='bbox 743 1737 783 1802; x_wconf 80' lang='lat' dir='ltr'>Et</span> <span class='ocrx_word' id='word_1_114' title='bbox 801 1741 981 1830; x_wconf 86' lang='lat' dir='ltr'>eruptiones</span> <span class='ocrx_word' id='word_1_115' title='bbox 1006 1746 1038 1804; x_wconf 89' lang='lat' dir='ltr'>in</span> <span class='ocrx_word' id='word_1_116' title='bbox 1063 1736 1166 1808; x_wconf 76' lang='lat' dir='ltr'>estate</span> <span class='ocrx_word' id='word_1_117' title='bbox 1191 1732 1334 1822; x_wconf 79' lang='lat' dir='ltr'>fiebant,</span> <span class='ocrx_word' id='word_1_118' title='bbox 1358 1743 1393 1818; x_wconf 74' lang='grc' dir='ltr'>δι</span> <span class='ocrx_word' id='word_1_119' title='bbox 1419 1742 1451 1806; x_wconf 93' lang='lat' dir='ltr'>in</span> <span class='ocrx_word' id='word_1_120' title='bbox 1477 1732 1669 1817; x_wconf 86' lang='lat' dir='ltr'>siccitatibus</span> <span class='ocrx_word' id='word_1_121' title='bbox 1677 1738 1738 1833; x_wconf 87' lang='lat' dir='ltr'>lip-</span> 
     </span>
     <span class='ocr_line' id='line_1_14' title="bbox 300 1828 1739 1934; baseline -0.001 -28"><span class='ocrx_word' id='word_1_122' title='bbox 300 1837 468 1934; x_wconf 87' lang='lat' dir='ltr'>-pitudines</span> <span class='ocrx_word' id='word_1_123' title='bbox 490 1828 642 1903; x_wconf 80' lang='lat' dir='ltr'>dolorosa:</span> <span class='ocrx_word' id='word_1_124' title='bbox 668 1831 865 1932; x_wconf 80' lang='lat' dir='ltr'>populariter</span> <span class='ocrx_word' id='word_1_125' title='bbox 890 1829 1136 1924; x_wconf 71' lang='lat' dir='ltr'>grassabantur.</span> <span class='ocrx_word' id='word_1_126' title='bbox 1175 1839 1320 1908; x_wconf 87' lang='lat' dir='ltr'>Primum</span> <span class='ocrx_word' id='word_1_127' title='bbox 1345 1842 1408 1911; x_wconf 77' lang='lat' dir='ltr'>uiti</span> <span class='ocrx_word' id='word_1_128' title='bbox 1432 1840 1537 1932; x_wconf 89' lang='lat' dir='ltr'>potius</span> <span class='ocrx_word' id='word_1_129' title='bbox 1571 1831 1739 1921; x_wconf 80' lang='lat' dir='ltr'>tuffiebant</span> 
     </span>
     <span class='ocr_line' id='line_1_15' title="bbox 298 1929 1739 2031; baseline -0.001 -27"><span class='ocrx_word' id='word_1_130' title='bbox 298 1959 409 2028; x_wconf 78' lang='lat' dir='ltr'>quam</span> <span class='ocrx_word' id='word_1_131' title='bbox 429 1934 594 2010; x_wconf 87' lang='lat' dir='ltr'>mulieres,</span> <span class='ocrx_word' id='word_1_132' title='bbox 619 1939 698 2026; x_wconf 87' lang='lat' dir='ltr'>quia</span> <span class='ocrx_word' id='word_1_133' title='bbox 723 1932 821 2021; x_wconf 85' lang='lat' dir='ltr'>(ait)</span> <span class='ocrx_word' id='word_1_134' title='bbox 842 1929 928 2013; x_wconf 72' lang='lat' dir='ltr'>,foras</span> <span class='ocrx_word' id='word_1_135' title='bbox 963 1941 1064 2028; x_wconf 78' lang='lat' dir='ltr'>magis</span> <span class='ocrx_word' id='word_1_136' title='bbox 1086 1935 1255 2031; x_wconf 84' lang='lat' dir='ltr'>prodirent</span> <span class='ocrx_word' id='word_1_137' title='bbox 1280 1937 1341 2006; x_wconf 87' lang='lat' dir='ltr'>viri</span> <span class='ocrx_word' id='word_1_138' title='bbox 1365 1932 1465 2028; x_wconf 67' lang='lat' dir='ltr'>quam</span> <span class='ocrx_word' id='word_1_139' title='bbox 1490 1935 1635 2005; x_wconf 90' lang='lat' dir='ltr'>mulieres</span> <span class='ocrx_word' id='word_1_140' title='bbox 1660 1983 1668 2001; x_wconf 88' lang='lat'><strong>.</strong></span> <span class='ocrx_word' id='word_1_141' title='bbox 1696 1937 1739 2003; x_wconf 83' lang='lat' dir='ltr'>Et</span> 
     </span>
     <span class='ocr_line' id='line_1_16' title="bbox 301 2027 1736 2132; baseline 0 -32"><span class='ocrx_word' id='word_1_142' title='bbox 301 2031 375 2130; x_wconf 83' lang='lat' dir='ltr'>poll</span> <span class='ocrx_word' id='word_1_143' title='bbox 399 2034 490 2101; x_wconf 89' lang='lat' dir='ltr'>dicit:</span> <span class='ocrx_word' id='word_1_144' title='bbox 517 2034 649 2127; x_wconf 77' lang='lat' dir='ltr'>Angitiae</span> <span class='ocrx_word' id='word_1_145' title='bbox 673 2027 808 2108; x_wconf 80' lang='lat' dir='ltr'>famulas</span> <span class='ocrx_word' id='word_1_146' title='bbox 831 2029 1026 2128; x_wconf 68' lang='lat' dir='ltr'>licqmntius</span> <span class='ocrx_word' id='word_1_147' title='bbox 1052 2027 1283 2132; x_wconf 76' lang='lat' dir='ltr'>corripiebant,</span> <span class='ocrx_word' id='word_1_148' title='bbox 1307 2029 1429 2129; x_wconf 79' lang='lat' dir='ltr'>quibus</span> <span class='ocrx_word' id='word_1_149' title='bbox 1454 2040 1488 2103; x_wconf 92' lang='lat'>&amp;</span> <span class='ocrx_word' id='word_1_150' title='bbox 1512 2033 1736 2121; x_wconf 61' lang='lat' dir='ltr'>violentiffimee</span> 
     </span>
     <span class='ocr_line' id='line_1_17' title="bbox 301 2123 1737 2215; baseline -0.001 -15"><span class='ocrx_word' id='word_1_151' title='bbox 301 2127 443 2213; x_wconf 76' lang='lat' dir='ltr'>fiebant,</span> <span class='ocrx_word' id='word_1_152' title='bbox 469 2136 504 2201; x_wconf 91' lang='lat'><strong>&amp;</strong></span> <span class='ocrx_word' id='word_1_153' title='bbox 527 2153 577 2201; x_wconf 92' lang='lat' dir='ltr'>eas</span> <span class='ocrx_word' id='word_1_154' title='bbox 596 2123 840 2205; x_wconf 78' lang='lat' dir='ltr'>interimcbmr.</span> <span class='ocrx_word' id='word_1_155' title='bbox 869 2133 968 2211; x_wconf 88' lang='lat' dir='ltr'>Unde</span> <span class='ocrx_word' id='word_1_156' title='bbox 992 2128 1075 2202; x_wconf 89' lang='lat' dir='ltr'>insra</span> <span class='ocrx_word' id='word_1_157' title='bbox 1100 2155 1223 2203; x_wconf 92' lang='lat' dir='ltr'>annoto</span> <span class='ocrx_word' id='word_1_158' title='bbox 1234 2135 1272 2202; x_wconf 94' lang='lat' dir='ltr'>de</span> <span class='ocrx_word' id='word_1_159' title='bbox 1299 2130 1384 2203; x_wconf 87' lang='lat' dir='ltr'>serva</span> <span class='ocrx_word' id='word_1_160' title='bbox 1409 2127 1558 2202; x_wconf 74' lang='lat' dir='ltr'>Consulis</span> <span class='ocrx_word' id='word_1_161' title='bbox 1582 2136 1737 2215; x_wconf 84' lang='lat' dir='ltr'>Scatonii,</span> 
     </span>
     <span class='ocr_line' id='line_1_18' title="bbox 301 2228 1737 2324; baseline -0.001 -26"><span class='ocrx_word' id='word_1_162' title='bbox 301 2234 354 2298; x_wconf 90' lang='lat' dir='ltr'>cui</span> <span class='ocrx_word' id='word_1_163' title='bbox 377 2233 449 2300; x_wconf 88' lang='lat' dir='ltr'>talis</span> <span class='ocrx_word' id='word_1_164' title='bbox 473 2246 541 2298; x_wconf 88' lang='lat' dir='ltr'>erat</span> <span class='ocrx_word' id='word_1_165' title='bbox 561 2237 680 2323; x_wconf 82' lang='lat' dir='ltr'>angina</span> <span class='ocrx_word' id='word_1_166' title='bbox 698 2229 792 2306; x_wconf 86' lang='lat' dir='ltr'>steca,</span> <span class='ocrx_word' id='word_1_167' title='bbox 817 2235 851 2299; x_wconf 91' lang='lat'>&amp;</span> <span class='ocrx_word' id='word_1_168' title='bbox 877 2250 967 2300; x_wconf 89' lang='lat' dir='ltr'>tanta</span> <span class='ocrx_word' id='word_1_169' title='bbox 990 2232 1130 2313; x_wconf 77' lang='lat' dir='ltr'>siccitas,</span> <span class='ocrx_word' id='word_1_170' title='bbox 1156 2238 1190 2302; x_wconf 76' lang='grc' dir='ltr'>δι</span> <span class='ocrx_word' id='word_1_171' title='bbox 1214 2230 1328 2308; x_wconf 56' lang='lat' dir='ltr'>anime</span> <span class='ocrx_word' id='word_1_172' title='bbox 1344 2238 1379 2315; x_wconf 88' lang='lat' dir='ltr'>in</span> <span class='ocrx_word' id='word_1_173' title='bbox 1401 2228 1579 2307; x_wconf 82' lang='lat' dir='ltr'>saucibus,</span> <span class='ocrx_word' id='word_1_174' title='bbox 1611 2250 1648 2297; x_wconf 91' lang='lat' dir='ltr'>ut</span> <span class='ocrx_word' id='word_1_175' title='bbox 1673 2240 1737 2324; x_wconf 70' lang='lat' dir='ltr'>prae</span> 
     </span>
     <span class='ocr_line' id='line_1_19' title="bbox 298 2320 1737 2422; baseline -0.007 -23"><span class='ocrx_word' id='word_1_176' title='bbox 298 2324 406 2406; x_wconf 76' lang='lat' dir='ltr'>salivae</span> <span class='ocrx_word' id='word_1_177' title='bbox 429 2325 552 2399; x_wconf 72' lang='lat' dir='ltr'>deses&#39;cu</span> <span class='ocrx_word' id='word_1_178' title='bbox 586 2329 641 2397; x_wconf 90' lang='lat' dir='ltr'>illa</span> <span class='ocrx_word' id='word_1_179' title='bbox 662 2324 724 2403; x_wconf 82' lang='lat' dir='ltr'>sere</span> <span class='ocrx_word' id='word_1_180' title='bbox 751 2320 957 2405; x_wconf 77' lang='lat' dir='ltr'>suffocaretur</span> <span class='ocrx_word' id='word_1_181' title='bbox 983 2376 991 2394; x_wconf 88' lang='lat'><strong>.</strong></span> <span class='ocrx_word' id='word_1_182' title='bbox 1021 2333 1062 2398; x_wconf 84' lang='lat' dir='ltr'>Et</span> <span class='ocrx_word' id='word_1_183' title='bbox 1136 2351 1195 2398; x_wconf 91' lang='lat' dir='ltr'>out</span> <span class='ocrx_word' id='word_1_184' title='bbox 1231 2325 1427 2414; x_wconf 78' lang='lat' dir='ltr'>irnieiebatur</span> <span class='ocrx_word' id='word_1_185' title='bbox 1450 2330 1572 2422; x_wconf 90' lang='lat' dir='ltr'>aliquid</span> <span class='ocrx_word' id='word_1_186' title='bbox 1599 2325 1737 2395; x_wconf 78' lang='lat' dir='ltr'>madesa.</span> 
     </span>
     <span class='ocr_line' id='line_1_20' title="bbox 296 2421 1738 2525; baseline -0.006 -25"><span class='ocrx_word' id='word_1_187' title='bbox 296 2434 385 2500; x_wconf 76' lang='lat' dir='ltr'>siens</span> <span class='ocrx_word' id='word_1_188' title='bbox 404 2434 438 2497; x_wconf 77' lang='grc' dir='ltr'>δι</span> <span class='ocrx_word' id='word_1_189' title='bbox 459 2425 665 2504; x_wconf 74' lang='lat' dir='ltr'>humestans,</span> <span class='ocrx_word' id='word_1_190' title='bbox 690 2428 733 2508; x_wconf 79' lang='lat' dir='ltr'>ita</span> <span class='ocrx_word' id='word_1_191' title='bbox 757 2425 811 2494; x_wconf 89' lang='lat' dir='ltr'>illa</span> <span class='ocrx_word' id='word_1_192' title='bbox 836 2422 956 2500; x_wconf 83' lang='lat' dir='ltr'>facilius</span> <span class='ocrx_word' id='word_1_193' title='bbox 981 2422 1095 2525; x_wconf 87' lang='lat' dir='ltr'>respira</span> <span class='ocrx_word' id='word_1_194' title='bbox 1138 2448 1170 2495; x_wconf 94' lang='lat' dir='ltr'>t.</span> <span class='ocrx_word' id='word_1_195' title='bbox 1199 2431 1347 2521; x_wconf 89' lang='lat' dir='ltr'>Denique</span> <span class='ocrx_word' id='word_1_196' title='bbox 1373 2428 1481 2494; x_wconf 88' lang='lat' dir='ltr'>multis</span> <span class='ocrx_word' id='word_1_197' title='bbox 1506 2421 1676 2511; x_wconf 72' lang='lat' dir='ltr'>abscessus,</span> <span class='ocrx_word' id='word_1_198' title='bbox 1702 2428 1738 2497; x_wconf 75' lang='lat' dir='ltr'>dc</span> 
     </span>
     <span class='ocr_line' id='line_1_21' title="bbox 302 2519 1736 2623; baseline -0.003 -27"><span class='ocrx_word' id='word_1_199' title='bbox 302 2527 429 2596; x_wconf 89' lang='lat' dir='ltr'>ardores</span> <span class='ocrx_word' id='word_1_200' title='bbox 454 2529 574 2595; x_wconf 86' lang='lat' dir='ltr'>circum</span> <span class='ocrx_word' id='word_1_201' title='bbox 597 2522 724 2604; x_wconf 74' lang='lat' dir='ltr'>ficiem,</span> <span class='ocrx_word' id='word_1_202' title='bbox 750 2519 873 2603; x_wconf 81' lang='lat' dir='ltr'>sauoes,</span> <span class='ocrx_word' id='word_1_203' title='bbox 898 2524 1029 2602; x_wconf 91' lang='lat' dir='ltr'>oculos,</span> <span class='ocrx_word' id='word_1_204' title='bbox 1054 2546 1093 2594; x_wconf 93' lang='lat' dir='ltr'>ut</span> <span class='ocrx_word' id='word_1_205' title='bbox 1117 2534 1152 2594; x_wconf 94' lang='lat' dir='ltr'>in</span> <span class='ocrx_word' id='word_1_206' title='bbox 1176 2550 1286 2598; x_wconf 86' lang='lat' dir='ltr'>eorum</span> <span class='ocrx_word' id='word_1_207' title='bbox 1306 2526 1427 2595; x_wconf 85' lang='lat' dir='ltr'>cantlris</span> <span class='ocrx_word' id='word_1_208' title='bbox 1446 2532 1593 2623; x_wconf 89' lang='lat' dir='ltr'>pruritus</span> <span class='ocrx_word' id='word_1_209' title='bbox 1622 2525 1736 2599; x_wconf 85' lang='lat' dir='ltr'>intole-</span> 
     </span>
     <span class='ocr_line' id='line_1_22' title="bbox 300 2619 1650 2718; baseline -0.004 -23"><span class='ocrx_word' id='word_1_210' title='bbox 300 2619 433 2703; x_wconf 82' lang='lat' dir='ltr'>rabiles,</span> <span class='ocrx_word' id='word_1_211' title='bbox 458 2645 599 2695; x_wconf 86' lang='lat' dir='ltr'>tumores</span> <span class='ocrx_word' id='word_1_212' title='bbox 625 2619 684 2695; x_wconf 93' lang='lat' dir='ltr'>sub</span> <span class='ocrx_word' id='word_1_213' title='bbox 708 2623 843 2718; x_wconf 84' lang='lat' dir='ltr'>lingua,</span> <span class='ocrx_word' id='word_1_214' title='bbox 869 2629 904 2709; x_wconf 67' lang='lat' dir='ltr'>dc</span> <span class='ocrx_word' id='word_1_215' title='bbox 929 2625 969 2694; x_wconf 90' lang='lat' dir='ltr'>ad</span> <span class='ocrx_word' id='word_1_216' title='bbox 994 2644 1128 2716; x_wconf 80' lang='lat' dir='ltr'>guttttr.</span> <span class='ocrx_word' id='word_1_217' title='bbox 1647 2658 1650 2665; x_wconf 95' lang='lat'>·</span> 
     </span>
    </p>

    <p class='ocr_par' dir='ltr' id='par_1_4' title="bbox 300 2701 1899 3022">
     <span class='ocr_line' id='line_1_23' title="bbox 351 2701 1877 2822; baseline 0.001 -29"><span class='ocrx_word' id='word_1_218' title='bbox 351 2725 410 2793; x_wconf 81' lang='lat' dir='ltr'>Sed</span> <span class='ocrx_word' id='word_1_219' title='bbox 430 2728 651 2817; x_wconf 85' lang='lat' dir='ltr'>&amp;innumeris</span> <span class='ocrx_word' id='word_1_220' title='bbox 669 2724 793 2792; x_wconf 87' lang='lat' dir='ltr'>dolores</span> <span class='ocrx_word' id='word_1_221' title='bbox 817 2731 935 2801; x_wconf 76' lang='lat' dir='ltr'>ventris</span> <span class='ocrx_word' id='word_1_222' title='bbox 958 2721 1115 2793; x_wconf 86' lang='lat' dir='ltr'>inferioris</span> <span class='ocrx_word' id='word_1_223' title='bbox 1134 2747 1154 2792; x_wconf 86' lang='lat' dir='ltr'>a</span> <span class='ocrx_word' id='word_1_224' title='bbox 1177 2718 1375 2822; x_wconf 79' lang='lat' dir='ltr'>dispositione</span> <span class='ocrx_word' id='word_1_225' title='bbox 1401 2724 1669 2802; x_wconf 78' lang='lat' dir='ltr'>inflammatoria,</span> <span class='ocrx_word' id='word_1_226' title='bbox 1694 2742 1735 2794; x_wconf 84' lang='lat' dir='ltr'>ut</span> <span class='ocrx_word' id='word_1_227' title='bbox 1760 2701 1877 2803; x_wconf 52' lang='grc' dir='ltr'>ΜΨ·</span> 
     </span>
     <span class='ocr_line' id='line_1_24' title="bbox 301 2806 1899 2927; baseline 0.001 -37"><span class='ocrx_word' id='word_1_228' title='bbox 301 2826 412 2921; x_wconf 88' lang='lat' dir='ltr'>potius</span> <span class='ocrx_word' id='word_1_229' title='bbox 436 2824 478 2897; x_wconf 90' lang='lat' dir='ltr'>ad</span> <span class='ocrx_word' id='word_1_230' title='bbox 524 2818 753 2903; x_wconf 83' lang='lat' dir='ltr'>hlebotomiam</span> <span class='ocrx_word' id='word_1_231' title='bbox 773 2824 1002 2892; x_wconf 86' lang='lat' dir='ltr'>recurrendum</span> <span class='ocrx_word' id='word_1_232' title='bbox 1032 2822 1141 2903; x_wconf 89' lang='lat' dir='ltr'>esset,</span> <span class='ocrx_word' id='word_1_233' title='bbox 1190 2847 1267 2895; x_wconf 87' lang='lat' dir='ltr'>uam</span> <span class='ocrx_word' id='word_1_234' title='bbox 1291 2825 1332 2892; x_wconf 86' lang='lat' dir='ltr'>ad</span> <span class='ocrx_word' id='word_1_235' title='bbox 1357 2825 1575 2907; x_wconf 79' lang='lat' dir='ltr'>catharticum</span> <span class='ocrx_word' id='word_1_236' title='bbox 1595 2875 1606 2904; x_wconf 67' lang='lat'>,·</span> <span class='ocrx_word' id='word_1_237' title='bbox 1640 2825 1732 2907; x_wconf 76' lang='lat' dir='ltr'>Adeo</span> <span class='ocrx_word' id='word_1_238' title='bbox 1757 2806 1899 2927; x_wconf 61' lang='lat' dir='ltr'>mmm,</span> 
     </span>
     <span class='ocr_line' id='line_1_25' title="bbox 300 2847 1896 3022; baseline 0.002 -33"><span class='ocrx_word' id='word_1_239' title='bbox 300 2913 466 3022; x_wconf 77' lang='lat' dir='ltr'>prael&#39;entis</span> <span class='ocrx_word' id='word_1_240' title='bbox 490 2848 724 2992; x_wconf 70' lang='lat' dir='ltr'>abscesserunt</span> <span class='ocrx_word' id='word_1_241' title='bbox 748 2941 865 2990; x_wconf 87' lang='lat' dir='ltr'>metus.</span> <span class='ocrx_word' id='word_1_242' title='bbox 895 2923 1010 2991; x_wconf 87' lang='lat' dir='ltr'>Multis</span> <span class='ocrx_word' id='word_1_243' title='bbox 1034 2911 1149 3000; x_wconf 80' lang='lat' dir='ltr'>venam</span> <span class='ocrx_word' id='word_1_244' title='bbox 1164 2847 1343 3001; x_wconf 69' lang='lat' dir='ltr'>secunus,</span> <span class='ocrx_word' id='word_1_245' title='bbox 1360 2928 1394 3009; x_wconf 61' lang='grc' dir='ltr'>ὃς</span> <span class='ocrx_word' id='word_1_246' title='bbox 1413 2921 1553 3021; x_wconf 84' lang='lat' dir='ltr'>profuit.</span> <span class='ocrx_word' id='word_1_247' title='bbox 1752 2869 1849 3011; x_wconf 52' lang='lat' dir='ltr'>m:</span> <span class='ocrx_word' id='word_1_248' title='bbox 1869 2927 1871 2931; x_wconf 82' lang='grc'><strong>’</strong></span> <span class='ocrx_word' id='word_1_249' title='bbox 1893 3009 1896 3018; x_wconf 29' lang='grc' dir='ltr'>Ι</span> 
     </span>
    </p>

    <p class='ocr_par' dir='ltr' id='par_1_5' title="bbox 296 3014 1883 3510">
     <span class='ocr_line' id='line_1_26' title="bbox 353 3014 1883 3119; baseline 0.002 -28"><span class='ocrx_word' id='word_1_250' title='bbox 353 3022 488 3091; x_wconf 77' lang='lat' dir='ltr'>Dolores</span> <span class='ocrx_word' id='word_1_251' title='bbox 511 3025 622 3119; x_wconf 89' lang='lat' dir='ltr'>capitis</span> <span class='ocrx_word' id='word_1_252' title='bbox 645 3046 721 3093; x_wconf 89' lang='lat' dir='ltr'>cum</span> <span class='ocrx_word' id='word_1_253' title='bbox 738 3015 834 3117; x_wconf 87' lang='lat' dir='ltr'>specie</span> <span class='ocrx_word' id='word_1_254' title='bbox 858 3014 1016 3101; x_wconf 72' lang='lat' dir='ltr'>febricula</span> <span class='ocrx_word' id='word_1_255' title='bbox 1041 3025 1074 3089; x_wconf 92' lang='lat' dir='ltr'>in</span> <span class='ocrx_word' id='word_1_256' title='bbox 1098 3028 1201 3118; x_wconf 77' lang='lat' dir='ltr'>capite</span> <span class='ocrx_word' id='word_1_257' title='bbox 1219 3045 1257 3091; x_wconf 90' lang='lat' dir='ltr'>eo</span> <span class='ocrx_word' id='word_1_258' title='bbox 1273 3024 1370 3090; x_wconf 88' lang='lat' dir='ltr'>modo</span> <span class='ocrx_word' id='word_1_259' title='bbox 1385 3018 1636 3119; x_wconf 83' lang='lat' dir='ltr'>perseverarunt,</span> <span class='ocrx_word' id='word_1_260' title='bbox 1661 3047 1731 3116; x_wconf 89' lang='lat' dir='ltr'>quo</span> <span class='ocrx_word' id='word_1_261' title='bbox 1754 3037 1883 3094; x_wconf 77' lang='lat' dir='ltr'>rhmr‘n</span> 
     </span>
     <span class='ocr_line' id='line_1_27' title="bbox 302 3116 1876 3216; baseline 0.001 -29"><span class='ocrx_word' id='word_1_262' title='bbox 302 3119 441 3189; x_wconf 83' lang='lat' dir='ltr'>diximus</span> <span class='ocrx_word' id='word_1_263' title='bbox 466 3124 556 3190; x_wconf 90' lang='lat' dir='ltr'>initio</span> <span class='ocrx_word' id='word_1_264' title='bbox 577 3116 649 3189; x_wconf 90' lang='lat' dir='ltr'>iibri</span> <span class='ocrx_word' id='word_1_265' title='bbox 676 3122 789 3208; x_wconf 84' lang='lat' dir='ltr'>hujus.</span> <span class='ocrx_word' id='word_1_266' title='bbox 818 3124 933 3190; x_wconf 85' lang='lat' dir='ltr'>Fratris</span> <span class='ocrx_word' id='word_1_267' title='bbox 959 3123 1002 3194; x_wconf 87' lang='lat' dir='ltr'>D.</span> <span class='ocrx_word' id='word_1_268' title='bbox 1024 3123 1076 3189; x_wconf 92' lang='lat' dir='ltr'>De</span> <span class='ocrx_word' id='word_1_269' title='bbox 1094 3122 1193 3190; x_wconf 87' lang='lat' dir='ltr'>lavau</span> <span class='ocrx_word' id='word_1_270' title='bbox 1218 3120 1346 3189; x_wconf 83' lang='lat' dir='ltr'>historia</span> <span class='ocrx_word' id='word_1_271' title='bbox 1371 3124 1467 3200; x_wconf 81' lang='lat' dir='ltr'>fidem</span> <span class='ocrx_word' id='word_1_272' title='bbox 1491 3118 1590 3199; x_wconf 87' lang='lat' dir='ltr'>satit,</span> <span class='ocrx_word' id='word_1_273' title='bbox 1616 3127 1731 3211; x_wconf 68' lang='lat' dir='ltr'>&amp;eius</span> <span class='ocrx_word' id='word_1_274' title='bbox 1750 3119 1876 3216; x_wconf 52' lang='lat' dir='ltr'>fresam</span> 
     </span>
     <span class='ocr_line' id='line_1_28' title="bbox 296 3197 1868 3315; baseline -0.001 -28"><span class='ocrx_word' id='word_1_275' title='bbox 296 3223 361 3313; x_wconf 78' lang='lat' dir='ltr'>qui</span> <span class='ocrx_word' id='word_1_276' title='bbox 379 3242 525 3289; x_wconf 88' lang='lat' dir='ltr'>moratur</span> <span class='ocrx_word' id='word_1_277' title='bbox 548 3222 590 3289; x_wconf 86' lang='lat' dir='ltr'>ad</span> <span class='ocrx_word' id='word_1_278' title='bbox 604 3222 724 3313; x_wconf 70' lang='lat' dir='ltr'>ursigne</span> <span class='ocrx_word' id='word_1_279' title='bbox 738 3221 825 3288; x_wconf 82' lang='lat' dir='ltr'>floris</span> <span class='ocrx_word' id='word_1_280' title='bbox 840 3220 896 3298; x_wconf 80' lang='lat' dir='ltr'>lilii</span> <span class='ocrx_word' id='word_1_281' title='bbox 922 3214 1011 3289; x_wconf 87' lang='lat' dir='ltr'>albi:</span> <span class='ocrx_word' id='word_1_282' title='bbox 1036 3220 1102 3288; x_wconf 89' lang='lat' dir='ltr'>Cui</span> <span class='ocrx_word' id='word_1_283' title='bbox 1119 3224 1249 3315; x_wconf 86' lang='lat' dir='ltr'>utrique</span> <span class='ocrx_word' id='word_1_284' title='bbox 1274 3221 1466 3292; x_wconf 77' lang='lat' dir='ltr'>hemicrania</span> <span class='ocrx_word' id='word_1_285' title='bbox 1489 3238 1557 3287; x_wconf 89' lang='lat' dir='ltr'>erat</span> <span class='ocrx_word' id='word_1_286' title='bbox 1583 3220 1733 3287; x_wconf 86' lang='lat' dir='ltr'>intolera-</span> <span class='ocrx_word' id='word_1_287' title='bbox 1753 3197 1868 3297; x_wconf 56' lang='lat' dir='ltr'>mm?</span> 
     </span>
     <span class='ocr_line' id='line_1_29' title="bbox 301 3300 1877 3439; baseline 0.004 -54"><span class='ocrx_word' id='word_1_288' title='bbox 301 3312 392 3396; x_wconf 86' lang='lat' dir='ltr'>bilis,</span> <span class='ocrx_word' id='word_1_289' title='bbox 417 3323 566 3415; x_wconf 90' lang='lat' dir='ltr'>incipiens</span> <span class='ocrx_word' id='word_1_290' title='bbox 589 3344 609 3388; x_wconf 89' lang='lat' dir='ltr'>a</span> <span class='ocrx_word' id='word_1_291' title='bbox 633 3314 764 3416; x_wconf 88' lang='lat' dir='ltr'>septima</span> <span class='ocrx_word' id='word_1_292' title='bbox 782 3322 940 3387; x_wconf 89' lang='lat' dir='ltr'>matutina</span> <span class='ocrx_word' id='word_1_293' title='bbox 955 3320 1100 3410; x_wconf 87' lang='lat' dir='ltr'>quotidie</span> <span class='ocrx_word' id='word_1_294' title='bbox 1131 3320 1171 3385; x_wconf 91' lang='lat' dir='ltr'>ad</span> <span class='ocrx_word' id='word_1_295' title='bbox 1193 3339 1347 3410; x_wconf 79' lang='lat' dir='ltr'>quartam</span> <span class='ocrx_word' id='word_1_296' title='bbox 1381 3338 1440 3388; x_wconf 87' lang='lat' dir='ltr'>aut</span> <span class='ocrx_word' id='word_1_297' title='bbox 1463 3322 1610 3414; x_wconf 88' lang='lat' dir='ltr'>quintam</span> <span class='ocrx_word' id='word_1_298' title='bbox 1629 3313 1735 3391; x_wconf 78' lang='lat' dir='ltr'>i‘eroti·</span> <span class='ocrx_word' id='word_1_299' title='bbox 1756 3300 1877 3439; x_wconf 54' lang='lat' dir='ltr'>&#39;xum</span> 
     </span>
     <span class='ocr_line' id='line_1_30' title="bbox 296 3368 1869 3510; baseline -0.003 -23"><span class='ocrx_word' id='word_1_300' title='bbox 296 3439 398 3495; x_wconf 69' lang='lat' dir='ltr'>,namt</span> <span class='ocrx_word' id='word_1_301' title='bbox 423 3441 500 3484; x_wconf 93' lang='lat' dir='ltr'>cum</span> <span class='ocrx_word' id='word_1_302' title='bbox 518 3437 608 3484; x_wconf 85' lang='lat' dir='ltr'>tantu</span> <span class='ocrx_word' id='word_1_303' title='bbox 622 3411 811 3491; x_wconf 86' lang='lat' dir='ltr'>acerbitate,</span> <span class='ocrx_word' id='word_1_304' title='bbox 835 3435 873 3493; x_wconf 87' lang='lat' dir='ltr'>ut</span> <span class='ocrx_word' id='word_1_305' title='bbox 890 3413 950 3484; x_wconf 82' lang='lat' dir='ltr'>sere</span> <span class='ocrx_word' id='word_1_306' title='bbox 967 3418 1000 3480; x_wconf 92' lang='lat' dir='ltr'>in</span> <span class='ocrx_word' id='word_1_307' title='bbox 1024 3410 1268 3510; x_wconf 87' lang='lat' dir='ltr'>desperationem</span> <span class='ocrx_word' id='word_1_308' title='bbox 1289 3417 1476 3483; x_wconf 87' lang='lat' dir='ltr'>inciderent.</span> <span class='ocrx_word' id='word_1_309' title='bbox 1757 3368 1869 3507; x_wconf 40' lang='lat'>,2:572</span> 
     </span>
    </p>

    <p class='ocr_par' dir='ltr' id='par_1_6' title="bbox 293 3508 1886 4020">
     <span class='ocr_line' id='line_1_31' title="bbox 354 3508 1877 3607; baseline -0.001 -27"><span class='ocrx_word' id='word_1_310' title='bbox 354 3518 443 3583; x_wconf 85' lang='lat' dir='ltr'>inter</span> <span class='ocrx_word' id='word_1_311' title='bbox 459 3533 561 3585; x_wconf 89' lang='lat' dir='ltr'>cetera</span> <span class='ocrx_word' id='word_1_312' title='bbox 579 3518 696 3581; x_wconf 90' lang='lat' dir='ltr'>mirum</span> <span class='ocrx_word' id='word_1_313' title='bbox 713 3508 792 3592; x_wconf 88' lang='lat' dir='ltr'>suit,</span> <span class='ocrx_word' id='word_1_314' title='bbox 817 3513 907 3605; x_wconf 89' lang='lat' dir='ltr'>quod</span> <span class='ocrx_word' id='word_1_315' title='bbox 923 3508 988 3579; x_wconf 85' lang='lat' dir='ltr'>sere</span> <span class='ocrx_word' id='word_1_316' title='bbox 1007 3529 1077 3579; x_wconf 92' lang='lat' dir='ltr'>tota</span> <span class='ocrx_word' id='word_1_317' title='bbox 1091 3512 1194 3589; x_wconf 82' lang='lat' dir='ltr'>hieme</span> <span class='ocrx_word' id='word_1_318' title='bbox 1212 3559 1224 3591; x_wconf 89' lang='lat'>,</span> <span class='ocrx_word' id='word_1_319' title='bbox 1257 3518 1290 3591; x_wconf 83' lang='lat'>&amp;</span> <span class='ocrx_word' id='word_1_320' title='bbox 1317 3514 1357 3581; x_wconf 88' lang='lat' dir='ltr'>ad</span> <span class='ocrx_word' id='word_1_321' title='bbox 1381 3508 1516 3582; x_wconf 83' lang='lat' dir='ltr'>mensem</span> <span class='ocrx_word' id='word_1_322' title='bbox 1543 3513 1735 3598; x_wconf 70' lang='lat' dir='ltr'>januarium</span> <span class='ocrx_word' id='word_1_323' title='bbox 1759 3530 1877 3607; x_wconf 55' lang='lat' dir='ltr'>susm„</span> 
     </span>
     <span class='ocr_line' id='line_1_32' title="bbox 293 3604 1831 3708; baseline -0.005 -24"><span class='ocrx_word' id='word_1_324' title='bbox 293 3606 370 3684; x_wconf 85' lang='lat' dir='ltr'>solae</span> <span class='ocrx_word' id='word_1_325' title='bbox 390 3614 540 3684; x_wconf 89' lang='lat' dir='ltr'>mulieres</span> <span class='ocrx_word' id='word_1_326' title='bbox 565 3610 627 3682; x_wconf 89' lang='lat' dir='ltr'>fere</span> <span class='ocrx_word' id='word_1_327' title='bbox 647 3606 916 3708; x_wconf 86' lang='lat' dir='ltr'>corripiebantur.</span> <span class='ocrx_word' id='word_1_328' title='bbox 945 3613 992 3680; x_wconf 89' lang='lat' dir='ltr'>Hi</span> <span class='ocrx_word' id='word_1_329' title='bbox 1017 3629 1156 3707; x_wconf 87' lang='lat' dir='ltr'>pocrates</span> <span class='ocrx_word' id='word_1_330' title='bbox 1172 3612 1233 3680; x_wconf 89' lang='lat' dir='ltr'>tale</span> <span class='ocrx_word' id='word_1_331' title='bbox 1248 3612 1368 3705; x_wconf 89' lang='lat' dir='ltr'>aliquid</span> <span class='ocrx_word' id='word_1_332' title='bbox 1383 3604 1546 3685; x_wconf 76' lang='lat' dir='ltr'>observate</span> <span class='ocrx_word' id='word_1_333' title='bbox 1566 3615 1623 3683; x_wconf 82' lang='lat' dir='ltr'>Ait</span> <span class='ocrx_word' id='word_1_334' title='bbox 1632 3615 1736 3690; x_wconf 88' lang='lat' dir='ltr'>enim,</span> <span class='ocrx_word' id='word_1_335' title='bbox 1759 3618 1800 3672; x_wconf 78' lang='lat' dir='ltr'>ris</span> <span class='ocrx_word' id='word_1_336' title='bbox 1823 3659 1831 3676; x_wconf 92' lang='lat'>.</span> 
     </span>
     <span class='ocr_line' id='line_1_33' title="bbox 296 3636 1871 3811; baseline -0.001 -28"><span class='ocrx_word' id='word_1_337' title='bbox 296 3711 439 3806; x_wconf 87' lang='lat' dir='ltr'>¹loquens</span> <span class='ocrx_word' id='word_1_338' title='bbox 455 3713 494 3781; x_wconf 91' lang='lat' dir='ltr'>de</span> <span class='ocrx_word' id='word_1_339' title='bbox 510 3710 711 3809; x_wconf 85' lang='lat' dir='ltr'>pullulatum</span> <span class='ocrx_word' id='word_1_340' title='bbox 729 3717 897 3808; x_wconf 90' lang='lat' dir='ltr'>eruptione</span> <span class='ocrx_word' id='word_1_341' title='bbox 913 3713 947 3781; x_wconf 87' lang='lat' dir='ltr'>in</span> <span class='ocrx_word' id='word_1_342' title='bbox 973 3636 1194 3803; x_wconf 54' lang='lat' dir='ltr'>lgualoribus.</span> <span class='ocrx_word' id='word_1_343' title='bbox 1221 3711 1316 3781; x_wconf 87' lang='lat' dir='ltr'>Nulli</span> <span class='ocrx_word' id='word_1_344' title='bbox 1344 3707 1484 3783; x_wconf 90' lang='lat' dir='ltr'>masculo</span> <span class='ocrx_word' id='word_1_345' title='bbox 1507 3714 1582 3784; x_wconf 87' lang='lat' dir='ltr'>tales</span> <span class='ocrx_word' id='word_1_346' title='bbox 1606 3712 1737 3811; x_wconf 74' lang='lat' dir='ltr'>erupisse</span> <span class='ocrx_word' id='word_1_347' title='bbox 1760 3702 1871 3805; x_wconf 60' lang='lat'>⁸533»</span> 
     </span>
     <span class='ocr_line' id='line_1_34' title="bbox 311 3784 1850 3927; baseline -0.001 -46"><span class='ocrx_word' id='word_1_348' title='bbox 311 3812 378 3881; x_wconf 79' lang='lat' dir='ltr'>vidi</span> <span class='ocrx_word' id='word_1_349' title='bbox 390 3812 513 3881; x_wconf 77' lang='lat' dir='ltr'>,Nulla</span> <span class='ocrx_word' id='word_1_350' title='bbox 529 3830 635 3881; x_wconf 88' lang='lat' dir='ltr'>autem</span> <span class='ocrx_word' id='word_1_351' title='bbox 648 3812 762 3886; x_wconf 82' lang='lat' dir='ltr'>mulier</span> <span class='ocrx_word' id='word_1_352' title='bbox 773 3831 905 3879; x_wconf 83' lang='lat' dir='ltr'>mortua</span> <span class='ocrx_word' id='word_1_353' title='bbox 916 3807 964 3879; x_wconf 86' lang='lat' dir='ltr'>est</span> <span class='ocrx_word' id='word_1_354' title='bbox 973 3857 985 3888; x_wconf 90' lang='lat'>,</span> <span class='ocrx_word' id='word_1_355' title='bbox 1005 3813 1061 3885; x_wconf 69' lang='lat' dir='ltr'>,cui</span> <span class='ocrx_word' id='word_1_356' title='bbox 1078 3810 1144 3893; x_wconf 70' lang='lat' dir='ltr'>hae</span> <span class='ocrx_word' id='word_1_357' title='bbox 1160 3803 1297 3894; x_wconf 75' lang='lat' dir='ltr'>fielutnt,</span> <span class='ocrx_word' id='word_1_358' title='bbox 1325 3814 1364 3881; x_wconf 83' lang='lat' dir='ltr'>Et</span> <span class='ocrx_word' id='word_1_359' title='bbox 1380 3813 1498 3882; x_wconf 88' lang='lat' dir='ltr'>horum</span> <span class='ocrx_word' id='word_1_360' title='bbox 1507 3814 1740 3883; x_wconf 75' lang='lat' dir='ltr'>rationemred-</span> <span class='ocrx_word' id='word_1_361' title='bbox 1759 3784 1850 3927; x_wconf 53' lang='lat'>&#39;⁸⁶15&#39;</span> 
     </span>
     <span class='ocr_line' id='line_1_35' title="bbox 297 3878 1886 4020; baseline 0.001 -44"><span class='ocrx_word' id='word_1_362' title='bbox 297 3909 351 3978; x_wconf 87' lang='lat' dir='ltr'>dit</span> <span class='ocrx_word' id='word_1_363' title='bbox 367 3913 460 3978; x_wconf 90' lang='lat' dir='ltr'>etiam</span> <span class='ocrx_word' id='word_1_364' title='bbox 482 3916 515 3977; x_wconf 91' lang='lat' dir='ltr'>in</span> <span class='ocrx_word' id='word_1_365' title='bbox 540 3911 630 4006; x_wconf 78' lang='lat' dir='ltr'>spid.</span> <span class='ocrx_word' id='word_1_366' title='bbox 658 3910 809 3978; x_wconf 87' lang='lat' dir='ltr'>Mulieres</span> <span class='ocrx_word' id='word_1_367' title='bbox 833 3931 1040 4004; x_wconf 90' lang='lat' dir='ltr'>nequaquam</span> <span class='ocrx_word' id='word_1_368' title='bbox 1059 3909 1200 3978; x_wconf 86' lang='lat' dir='ltr'>similiter</span> <span class='ocrx_word' id='word_1_369' title='bbox 1210 3934 1247 3979; x_wconf 90' lang='lat' dir='ltr'>ac</span> <span class='ocrx_word' id='word_1_370' title='bbox 1272 3914 1330 3979; x_wconf 83' lang='lat' dir='ltr'>viri</span> <span class='ocrx_word' id='word_1_371' title='bbox 1356 3905 1476 3981; x_wconf 87' lang='lat' dir='ltr'>morbis</span> <span class='ocrx_word' id='word_1_372' title='bbox 1499 3916 1735 4008; x_wconf 84' lang='lat' dir='ltr'>corripiuntur,</span> <span class='ocrx_word' id='word_1_373' title='bbox 1761 3878 1886 4020; x_wconf 47' lang='lat'>3222„</span> 
     </span>
    </p>

    <p class='ocr_par' dir='ltr' id='par_1_7' title="bbox 285 4007 1922 4801">
     <span class='ocr_line' id='line_1_36' title="bbox 348 4007 1922 4105; baseline 0.001 -28"><span class='ocrx_word' id='word_1_374' title='bbox 348 4011 484 4103; x_wconf 80' lang='lat' dir='ltr'>Qaerat</span> <span class='ocrx_word' id='word_1_375' title='bbox 500 4013 588 4102; x_wconf 86' lang='lat' dir='ltr'>quis:</span> <span class='ocrx_word' id='word_1_376' title='bbox 612 4009 735 4104; x_wconf 78' lang='lat' dir='ltr'>Qilit</span> <span class='ocrx_word' id='word_1_377' title='bbox 751 4011 836 4076; x_wconf 88' lang='lat' dir='ltr'>utin</span> <span class='ocrx_word' id='word_1_378' title='bbox 855 4010 965 4076; x_wconf 87' lang='lat' dir='ltr'>eodem</span> <span class='ocrx_word' id='word_1_379' title='bbox 990 4029 1132 4105; x_wconf 85' lang='lat' dir='ltr'>tempore</span> <span class='ocrx_word' id='word_1_380' title='bbox 1148 4010 1278 4102; x_wconf 89' lang='lat' dir='ltr'>quidam</span> <span class='ocrx_word' id='word_1_381' title='bbox 1296 4016 1442 4096; x_wconf 75' lang='lat' dir='ltr'>juvenes,</span> <span class='ocrx_word' id='word_1_382' title='bbox 1467 4018 1527 4104; x_wconf 90' lang='lat' dir='ltr'>qui</span> <span class='ocrx_word' id='word_1_383' title='bbox 1551 4030 1666 4079; x_wconf 85' lang='lat' dir='ltr'>natura</span> <span class='ocrx_word' id='word_1_384' title='bbox 1686 4034 1738 4079; x_wconf 81' lang='lat' dir='ltr'>ca·</span> <span class='ocrx_word' id='word_1_385' title='bbox 1760 4013 1794 4102; x_wconf 62' lang='lat'>&#39;0</span> <span class='ocrx_word' id='word_1_386' title='bbox 1817 4007 1896 4096; x_wconf 56' lang='lat' dir='ltr'>&#39;m</span> <span class='ocrx_word' id='word_1_387' title='bbox 1920 4045 1922 4049; x_wconf 30' lang='lat' dir='ltr'>v</span> 
     </span>
     <span class='ocr_line' id='line_1_37' title="bbox 293 4103 1840 4203; baseline -0.004 -27"><span class='ocrx_word' id='word_1_388' title='bbox 293 4106 435 4176; x_wconf 81' lang='lat' dir='ltr'>lidiffimi</span> <span class='ocrx_word' id='word_1_389' title='bbox 453 4103 547 4188; x_wconf 87' lang='lat' dir='ltr'>sunt,</span> <span class='ocrx_word' id='word_1_390' title='bbox 571 4113 605 4190; x_wconf 69' lang='grc' dir='ltr'>δι</span> <span class='ocrx_word' id='word_1_391' title='bbox 623 4108 857 4202; x_wconf 74' lang='lat' dir='ltr'>mulieresque</span> <span class='ocrx_word' id='word_1_392' title='bbox 872 4128 982 4175; x_wconf 88' lang='lat' dir='ltr'>contra</span> <span class='ocrx_word' id='word_1_393' title='bbox 1001 4103 1074 4176; x_wconf 91' lang='lat' dir='ltr'>sunt</span> <span class='ocrx_word' id='word_1_394' title='bbox 1090 4104 1312 4201; x_wconf 80' lang='lat' dir='ltr'>frigidissimae,</span> <span class='ocrx_word' id='word_1_395' title='bbox 1338 4110 1445 4178; x_wconf 85' lang='lat' dir='ltr'>iisdem</span> <span class='ocrx_word' id='word_1_396' title='bbox 1460 4114 1627 4203; x_wconf 89' lang='lat' dir='ltr'>capiantur</span> <span class='ocrx_word' id='word_1_397' title='bbox 1651 4132 1738 4178; x_wconf 85' lang='lat' dir='ltr'>mor·</span> <span class='ocrx_word' id='word_1_398' title='bbox 1761 4118 1840 4176; x_wconf 73' lang='lat' dir='ltr'>ireres</span> 
     </span>
     <span class='ocr_line' id='line_1_38' title="bbox 291 4196 1869 4307; baseline 0.001 -34"><span class='ocrx_word' id='word_1_399' title='bbox 291 4196 345 4284; x_wconf 87' lang='lat' dir='ltr'>bis</span> <span class='ocrx_word' id='word_1_400' title='bbox 366 4256 374 4272; x_wconf 92' lang='lat'><strong><em>.</em></strong></span> <span class='ocrx_word' id='word_1_401' title='bbox 402 4208 491 4275; x_wconf 90' lang='lat' dir='ltr'>Nam</span> <span class='ocrx_word' id='word_1_402' title='bbox 511 4226 794 4304; x_wconf 83' lang='lat' dir='ltr'>temperamentum</span> <span class='ocrx_word' id='word_1_403' title='bbox 812 4201 970 4287; x_wconf 74' lang='lat' dir='ltr'>&lt;Eversum</span> <span class='ocrx_word' id='word_1_404' title='bbox 987 4204 1050 4276; x_wconf 88' lang='lat' dir='ltr'>est.</span> <span class='ocrx_word' id='word_1_405' title='bbox 1079 4208 1298 4276; x_wconf 84' lang='lat' dir='ltr'>Admirandus</span> <span class='ocrx_word' id='word_1_406' title='bbox 1311 4206 1356 4275; x_wconf 86' lang='lat' dir='ltr'>est</span> <span class='ocrx_word' id='word_1_407' title='bbox 1382 4212 1595 4307; x_wconf 88' lang='lat' dir='ltr'>Hippocratis</span> <span class='ocrx_word' id='word_1_408' title='bbox 1620 4209 1737 4285; x_wconf 89' lang='lat' dir='ltr'>locus,</span> <span class='ocrx_word' id='word_1_409' title='bbox 1758 4218 1869 4295; x_wconf 54' lang='lat' dir='ltr'>‘tvm-</span> 
     </span>
     <span class='ocr_line' id='line_1_39' title="bbox 298 4298 1897 4403; baseline 0.003 -30"><span class='ocrx_word' id='word_1_410' title='bbox 298 4298 356 4373; x_wconf 85' lang='lat' dir='ltr'>ubi</span> <span class='ocrx_word' id='word_1_411' title='bbox 382 4310 524 4375; x_wconf 84' lang='lat' dir='ltr'>notat&amp;</span> <span class='ocrx_word' id='word_1_412' title='bbox 542 4303 758 4383; x_wconf 83' lang='lat' dir='ltr'>calidissimus,</span> <span class='ocrx_word' id='word_1_413' title='bbox 782 4303 962 4401; x_wconf 72' lang='lat' dir='ltr'>&amp;frigidas</span> <span class='ocrx_word' id='word_1_414' title='bbox 977 4306 1153 4387; x_wconf 86' lang='lat' dir='ltr'>mulieres,</span> <span class='ocrx_word' id='word_1_415' title='bbox 1178 4303 1450 4403; x_wconf 75' lang='lat' dir='ltr'>frigidilsmasque</span> <span class='ocrx_word' id='word_1_416' title='bbox 1472 4328 1603 4377; x_wconf 85' lang='lat' dir='ltr'>naturas</span> <span class='ocrx_word' id='word_1_417' title='bbox 1626 4308 1736 4377; x_wconf 85' lang='lat' dir='ltr'>iisdem</span> <span class='ocrx_word' id='word_1_418' title='bbox 1758 4302 1799 4339; x_wconf 76' lang='lat'>&#39;¹⁰</span> <span class='ocrx_word' id='word_1_419' title='bbox 1823 4300 1897 4347; x_wconf 63' lang='lat' dir='ltr'>&#39;&#39;s‘’</span> 
     </span>
     <span class='ocr_line' id='line_1_40' title="bbox 293 4379 1848 4506; baseline 0.002 -36"><span class='ocrx_word' id='word_1_420' title='bbox 293 4398 417 4476; x_wconf 83' lang='lat' dir='ltr'>morbis</span> <span class='ocrx_word' id='word_1_421' title='bbox 429 4387 582 4473; x_wconf 77' lang='lat' dir='ltr'>obsideri.</span> <span class='ocrx_word' id='word_1_422' title='bbox 610 4405 722 4473; x_wconf 86' lang='lat' dir='ltr'>Galen:</span> <span class='ocrx_word' id='word_1_423' title='bbox 737 4399 878 4474; x_wconf 88' lang='lat' dir='ltr'>summus</span> <span class='ocrx_word' id='word_1_424' title='bbox 902 4409 1050 4503; x_wconf 86' lang='lat' dir='ltr'>interpres</span> <span class='ocrx_word' id='word_1_425' title='bbox 1076 4410 1120 4474; x_wconf 91' lang='lat' dir='ltr'>ait</span> <span class='ocrx_word' id='word_1_426' title='bbox 1155 4407 1242 4476; x_wconf 88' lang='lat' dir='ltr'>aliud</span> <span class='ocrx_word' id='word_1_427' title='bbox 1270 4406 1326 4477; x_wconf 83' lang='lat' dir='ltr'>esse</span> <span class='ocrx_word' id='word_1_428' title='bbox 1352 4408 1540 4476; x_wconf 83' lang='lat' dir='ltr'>considerare</span> <span class='ocrx_word' id='word_1_429' title='bbox 1566 4426 1690 4481; x_wconf 80' lang='lat' dir='ltr'>aetatem</span> <span class='ocrx_word' id='word_1_430' title='bbox 1723 4379 1848 4506; x_wconf 44' lang='lat'>,25:10</span> 
     </span>
     <span class='ocr_line' id='line_1_41' title="bbox 289 4500 1893 4603; baseline -0.002 -35"><span class='ocrx_word' id='word_1_431' title='bbox 289 4502 385 4576; x_wconf 76' lang='lat' dir='ltr'>aliud</span> <span class='ocrx_word' id='word_1_432' title='bbox 404 4523 573 4574; x_wconf 86' lang='lat' dir='ltr'>naturam.</span> <span class='ocrx_word' id='word_1_433' title='bbox 601 4504 692 4575; x_wconf 87' lang='lat' dir='ltr'>Nam</span> <span class='ocrx_word' id='word_1_434' title='bbox 708 4507 829 4573; x_wconf 89' lang='lat' dir='ltr'>ratione</span> <span class='ocrx_word' id='word_1_435' title='bbox 853 4508 951 4573; x_wconf 84' lang='lat' dir='ltr'>aetatis</span> <span class='ocrx_word' id='word_1_436' title='bbox 974 4511 1102 4595; x_wconf 73' lang='lat' dir='ltr'>juvenes</span> <span class='ocrx_word' id='word_1_437' title='bbox 1119 4528 1174 4600; x_wconf 86' lang='lat' dir='ltr'>per</span> <span class='ocrx_word' id='word_1_438' title='bbox 1198 4500 1257 4581; x_wconf 92' lang='lat' dir='ltr'>se,</span> <span class='ocrx_word' id='word_1_439' title='bbox 1283 4512 1316 4585; x_wconf 74' lang='grc' dir='ltr'>δι</span> <span class='ocrx_word' id='word_1_440' title='bbox 1344 4509 1471 4603; x_wconf 84' lang='lat' dir='ltr'>proprie</span> <span class='ocrx_word' id='word_1_441' title='bbox 1493 4500 1613 4573; x_wconf 90' lang='lat' dir='ltr'>morbis</span> <span class='ocrx_word' id='word_1_442' title='bbox 1637 4510 1735 4574; x_wconf 65' lang='lat' dir='ltr'>corti,</span> <span class='ocrx_word' id='word_1_443' title='bbox 1756 4523 1893 4601; x_wconf 53' lang='lat' dir='ltr'>mmm</span> 
     </span>
     <span class='ocr_line' id='line_1_42' title="bbox 289 4591 1851 4703; baseline -0.001 -36"><span class='ocrx_word' id='word_1_444' title='bbox 289 4595 483 4700; x_wconf 82' lang='lat' dir='ltr'>piebantur,</span> <span class='ocrx_word' id='word_1_445' title='bbox 508 4626 564 4702; x_wconf 70' lang='lat' dir='ltr'>per</span> <span class='ocrx_word' id='word_1_446' title='bbox 580 4608 746 4703; x_wconf 89' lang='lat' dir='ltr'>propriam</span> <span class='ocrx_word' id='word_1_447' title='bbox 767 4607 1028 4693; x_wconf 74' lang='lat' dir='ltr'>generationem.</span> <span class='ocrx_word' id='word_1_448' title='bbox 1055 4604 1114 4672; x_wconf 83' lang='lat' dir='ltr'>Sed</span> <span class='ocrx_word' id='word_1_449' title='bbox 1134 4604 1281 4671; x_wconf 83' lang='lat' dir='ltr'>mulieres</span> <span class='ocrx_word' id='word_1_450' title='bbox 1313 4608 1434 4687; x_wconf 82' lang='lat' dir='ltr'>ratione</span> <span class='ocrx_word' id='word_1_451' title='bbox 1458 4597 1521 4673; x_wconf 75' lang='lat' dir='ltr'>suae</span> <span class='ocrx_word' id='word_1_452' title='bbox 1545 4623 1668 4674; x_wconf 77' lang='lat' dir='ltr'>nature</span> <span class='ocrx_word' id='word_1_453' title='bbox 1696 4626 1734 4673; x_wconf 82' lang='lat' dir='ltr'>ex</span> <span class='ocrx_word' id='word_1_454' title='bbox 1755 4591 1851 4687; x_wconf 56' lang='lat' dir='ltr'>usiam</span> 
     </span>
     <span class='ocr_line' id='line_1_43' title="bbox 285 4694 1853 4801; baseline 0 -33"><span class='ocrx_word' id='word_1_455' title='bbox 285 4717 414 4768; x_wconf 77' lang='lat' dir='ltr'>eventu</span> <span class='ocrx_word' id='word_1_456' title='bbox 436 4694 645 4782; x_wconf 87' lang='lat' dir='ltr'>laborabant,</span> <span class='ocrx_word' id='word_1_457' title='bbox 669 4724 726 4801; x_wconf 88' lang='lat' dir='ltr'>per</span> <span class='ocrx_word' id='word_1_458' title='bbox 747 4695 989 4799; x_wconf 79' lang='lat' dir='ltr'>suppressionem</span> <span class='ocrx_word' id='word_1_459' title='bbox 1016 4720 1163 4769; x_wconf 90' lang='lat' dir='ltr'>tantum.</span> <span class='ocrx_word' id='word_1_460' title='bbox 1752 4694 1853 4790; x_wconf 62' lang='lat' dir='ltr'>mordis</span> 
     </span>
    </p>

    <p class='ocr_par' dir='ltr' id='par_1_8' title="bbox 347 4788 1840 4880">
     <span class='ocr_line' id='line_1_44' title="bbox 347 4788 1840 4880; baseline 0.004 -14"><span class='ocrx_word' id='word_1_461' title='bbox 347 4788 419 4866; x_wconf 84' lang='lat' dir='ltr'>Sub</span> <span class='ocrx_word' id='word_1_462' title='bbox 443 4800 537 4868; x_wconf 77' lang='lat' dir='ltr'>finem</span> <span class='ocrx_word' id='word_1_463' title='bbox 551 4801 663 4873; x_wconf 87' lang='lat' dir='ltr'>hiemis</span> <span class='ocrx_word' id='word_1_464' title='bbox 695 4800 932 4871; x_wconf 77' lang='lat' dir='ltr'>mulieres&#39;non</span> <span class='ocrx_word' id='word_1_465' title='bbox 954 4797 1086 4869; x_wconf 88' lang='lat' dir='ltr'>suerunt</span> <span class='ocrx_word' id='word_1_466' title='bbox 1110 4822 1129 4869; x_wconf 89' lang='lat' dir='ltr'>a</span> <span class='ocrx_word' id='word_1_467' title='bbox 1148 4792 1267 4869; x_wconf 87' lang='lat' dir='ltr'>morbis</span> <span class='ocrx_word' id='word_1_468' title='bbox 1291 4803 1467 4880; x_wconf 89' lang='lat' dir='ltr'>immunes,</span> <span class='ocrx_word' id='word_1_469' title='bbox 1499 4820 1540 4871; x_wconf 92' lang='lat' dir='ltr'>ut</span> <span class='ocrx_word' id='word_1_470' title='bbox 1567 4816 1703 4868; x_wconf 86' lang='lat' dir='ltr'>necante</span> <span class='ocrx_word' id='word_1_471' title='bbox 1723 4849 1730 4866; x_wconf 89' lang='lat'>.</span> <span class='ocrx_word' id='word_1_472' title='bbox 1753 4799 1840 4872; x_wconf 68' lang='lat' dir='ltr'>‘lm&#39;</span> 
     </span>
    </p>
   </div>
   <div class='ocr_carea' id='block_1_3' title="bbox 288 4873 1890 5003">
    <p class='ocr_par' dir='ltr' id='par_1_9' title="bbox 288 4873 1890 5003">
     <span class='ocr_line' id='line_1_45' title="bbox 288 4873 1890 5003; baseline -0.032 -30"><span class='ocrx_word' id='word_1_473' title='bbox 288 4895 392 4980; x_wconf 75' lang='lat' dir='ltr'>,Nam</span> <span class='ocrx_word' id='word_1_474' title='bbox 413 4892 577 4994; x_wconf 87' lang='lat' dir='ltr'>plerasque</span> <span class='ocrx_word' id='word_1_475' title='bbox 591 4901 700 4968; x_wconf 87' lang='lat' dir='ltr'>codem</span> <span class='ocrx_word' id='word_1_476' title='bbox 719 4920 860 4998; x_wconf 89' lang='lat' dir='ltr'>tempore</span> <span class='ocrx_word' id='word_1_477' title='bbox 878 4893 1010 4968; x_wconf 87' lang='lat' dir='ltr'>terrasmi</span> <span class='ocrx_word' id='word_1_478' title='bbox 1042 4899 1196 4970; x_wconf 83' lang='lat' dir='ltr'>dolorifici</span> <span class='ocrx_word' id='word_1_479' title='bbox 1211 4921 1386 4982; x_wconf 71' lang='lat' dir='ltr'>vexarunt,</span> <span class='ocrx_word' id='word_1_480' title='bbox 1420 4920 1459 4971; x_wconf 89' lang='grc' dir='ltr'>ιιι</span> <span class='ocrx_word' id='word_1_481' title='bbox 1479 4897 1687 4998; x_wconf 58' lang='lat' dir='ltr'>populariter</span> <span class='ocrx_word' id='word_1_482' title='bbox 1700 4899 1733 4966; x_wconf 69' lang='lat' dir='ltr'>t„</span> <span class='ocrx_word' id='word_1_483' title='bbox 1753 4873 1890 5003; x_wconf 44' lang='lat' dir='ltr'>werp</span> 
     </span>
    </p>
   </div>
   <div class='ocr_carea' id='block_1_4' title="bbox 289 4996 1890 5195">
    <p class='ocr_par' dir='ltr' id='par_1_10' title="bbox 289 4996 1890 5195">
     <span class='ocr_line' id='line_1_46' title="bbox 289 4996 1890 5111; baseline 0.003 -44"><span class='ocrx_word' id='word_1_484' title='bbox 289 4996 475 5088; x_wconf 70' lang='lat' dir='ltr'>mulctes,</span> <span class='ocrx_word' id='word_1_485' title='bbox 493 5002 535 5080; x_wconf 70' lang='lat' dir='ltr'>,dc</span> <span class='ocrx_word' id='word_1_486' title='bbox 558 4999 704 5105; x_wconf 73' lang='lat' dir='ltr'>¹gravidas</span> <span class='ocrx_word' id='word_1_487' title='bbox 728 5002 888 5111; x_wconf 78' lang='lat' dir='ltr'>precipue</span> <span class='ocrx_word' id='word_1_488' title='bbox 913 5018 1125 5092; x_wconf 74' lang='lat' dir='ltr'>vagarentur.</span> <span class='ocrx_word' id='word_1_489' title='bbox 1265 5036 1268 5041; x_wconf 93' lang='lat'>·</span> <span class='ocrx_word' id='word_1_490' title='bbox 1451 5033 1456 5040; x_wconf 95' lang='lat'><em>·</em></span> <span class='ocrx_word' id='word_1_491' title='bbox 1610 5079 1615 5089; x_wconf 54' lang='grc'>,</span> <span class='ocrx_word' id='word_1_492' title='bbox 1709 5031 1714 5038; x_wconf 93' lang='grc'><em>·</em></span> <span class='ocrx_word' id='word_1_493' title='bbox 1754 5022 1793 5080; x_wconf 76' lang='lat' dir='ltr'>ub</span> <span class='ocrx_word' id='word_1_494' title='bbox 1811 5033 1890 5101; x_wconf 53' lang='lat' dir='ltr'>nep,</span> 
     </span>
     <span class='ocr_line' id='line_1_47' title="bbox 1135 5072 1845 5195; baseline 0.007 -22"><span class='ocrx_word' id='word_1_495' title='bbox 1135 5097 1174 5174; x_wconf 63' lang='grc' dir='ltr'><em>β</em></span> <span class='ocrx_word' id='word_1_496' title='bbox 1222 5114 1247 5173; x_wconf 72' lang='lat' dir='ltr'>a</span> <span class='ocrx_word' id='word_1_497' title='bbox 1540 5072 1684 5177; x_wconf 65' lang='lat' dir='ltr'>be</span> <span class='ocrx_word' id='word_1_498' title='bbox 1746 5115 1845 5195; x_wconf 64' lang='lat' dir='ltr'>aare·</span> 
     </span>
    </p>
   </div>
   <div class='ocr_carea' id='block_1_5' title="bbox 1764 1501 1851 1573">
    <p class='ocr_par' dir='ltr' id='par_1_11' title="bbox 1764 1501 1851 1573">
     <span class='ocr_line' id='line_1_48' title="bbox 1764 1501 1851 1573; baseline 0.023 -19"><span class='ocrx_word' id='word_1_499' title='bbox 1764 1501 1851 1573; x_wconf 72' lang='lat' dir='ltr'>epia</span> 
     </span>
    </p>
   </div>
   <div class='ocr_carea' id='block_1_6' title="bbox 0 0 2272 5850">
    <p class='ocr_par' dir='ltr' id='par_1_12' title="bbox 0 0 2272 5850">
     <span class='ocr_line' id='line_1_49' title="bbox 0 0 2272 5850; baseline 0 3"><span class='ocrx_word' id='word_1_500' title='bbox 0 0 2272 5850; x_wconf 95' lang='lat' dir='ltr'> </span> 
     </span>
    </p>
   </div>
  </div>
 </body>
</html>
