<?xml version="1.0" encoding="UTF-8"?>
<!DOCTYPE html PUBLIC "-//W3C//DTD XHTML 1.0 Transitional//EN"
    "http://www.w3.org/TR/xhtml1/DTD/xhtml1-transitional.dtd">
<html xmlns="http://www.w3.org/1999/xhtml" xml:lang="en" lang="en">
 <head>
  <title>
</title>
<meta http-equiv="Content-Type" content="text/html;charset=utf-8" />
  <meta name='ocr-system' content='tesseract 3.04.00' />
  <meta name='ocr-capabilities' content='ocr_page ocr_carea ocr_par ocr_line ocrx_word'/>
</head>
<body>
  <div class='ocr_page' id='page_1' title='image "./operaomniamedic00thgoog/operaomniamedic00thgoog_0368.png"; bbox 0 0 4534 5850; ppageno 0'>
   <div class='ocr_carea' id='block_1_1' title="bbox 575 454 1629 555">
    <p class='ocr_par' dir='ltr' id='par_1_1' title="bbox 575 454 1629 555">
     <span class='ocr_line' id='line_1_1' title="bbox 575 454 1629 555; baseline 0.004 -23"><span class='ocrx_word' id='word_1_1' title='bbox 575 472 644 555; x_wconf 61' lang='lat' dir='ltr'>„a</span> <span class='ocrx_word' id='word_1_2' title='bbox 794 454 1629 538; x_wconf 66' lang='lat' dir='ltr'>evertimiuntiomii</span> 
     </span>
    </p>
   </div>
   <div class='ocr_carea' id='block_1_2' title="bbox 340 579 1941 5136">
    <p class='ocr_par' dir='ltr' id='par_1_2' title="bbox 423 579 1941 2172">
     <span class='ocr_line' id='line_1_2' title="bbox 521 579 1941 688; baseline 0.004 -27"><span class='ocrx_word' id='word_1_3' title='bbox 521 609 607 661; x_wconf 88' lang='lat' dir='ltr'>mata</span> <span class='ocrx_word' id='word_1_4' title='bbox 622 579 854 684; x_wconf 86' lang='lat' dir='ltr'>consequantur</span> <span class='ocrx_word' id='word_1_5' title='bbox 869 592 1038 659; x_wconf 86' lang='lat' dir='ltr'>minimum</span> <span class='ocrx_word' id='word_1_6' title='bbox 1062 592 1176 661; x_wconf 91' lang='lat' dir='ltr'>vitium</span> <span class='ocrx_word' id='word_1_7' title='bbox 1201 597 1344 688; x_wconf 86' lang='lat' dir='ltr'>partium</span> <span class='ocrx_word' id='word_1_8' title='bbox 1369 585 1590 662; x_wconf 87' lang='lat' dir='ltr'>nervosarum.</span> <span class='ocrx_word' id='word_1_9' title='bbox 1611 589 1666 659; x_wconf 78' lang='grc' dir='ltr'>-Αι</span> <span class='ocrx_word' id='word_1_10' title='bbox 1684 586 1726 658; x_wconf 85' lang='lat' dir='ltr'>de</span> <span class='ocrx_word' id='word_1_11' title='bbox 1743 591 1783 661; x_wconf 82' lang='lat' dir='ltr'>iis</span> <span class='ocrx_word' id='word_1_12' title='bbox 1805 596 1941 681; x_wconf 57' lang='lat' dir='ltr'>distriesff</span> 
     </span>
     <span class='ocr_line' id='line_1_3' title="bbox 522 682 1938 787; baseline 0.001 -31"><span class='ocrx_word' id='word_1_13' title='bbox 522 712 583 787; x_wconf 89' lang='lat' dir='ltr'>pto</span> <span class='ocrx_word' id='word_1_14' title='bbox 608 682 665 754; x_wconf 91' lang='lat' dir='ltr'>suo</span> <span class='ocrx_word' id='word_1_15' title='bbox 680 683 815 781; x_wconf 92' lang='lat' dir='ltr'>quisque</span> <span class='ocrx_word' id='word_1_16' title='bbox 829 690 964 778; x_wconf 82' lang='lat' dir='ltr'>judicio,</span> <span class='ocrx_word' id='word_1_17' title='bbox 989 685 1207 767; x_wconf 62' lang='lat' dir='ltr'>estimabunt.</span> <span class='ocrx_word' id='word_1_18' title='bbox 1234 691 1266 758; x_wconf 88' lang='lat' dir='ltr'>Si</span> <span class='ocrx_word' id='word_1_19' title='bbox 1280 692 1387 783; x_wconf 86' lang='lat' dir='ltr'>itaque</span> <span class='ocrx_word' id='word_1_20' title='bbox 1410 691 1620 787; x_wconf 89' lang='lat' dir='ltr'>perictanium</span> <span class='ocrx_word' id='word_1_21' title='bbox 1637 705 1696 759; x_wconf 90' lang='lat' dir='ltr'>aut</span> <span class='ocrx_word' id='word_1_22' title='bbox 1711 684 1847 763; x_wconf 82' lang='lat' dir='ltr'>incisum</span> <span class='ocrx_word' id='word_1_23' title='bbox 1863 695 1938 767; x_wconf 87' lang='lat' dir='ltr'>sue.</span> 
     </span>
     <span class='ocr_line' id='line_1_4' title="bbox 520 782 1937 876; baseline 0.006 -18"><span class='ocrx_word' id='word_1_24' title='bbox 520 807 583 876; x_wconf 77' lang='lat' dir='ltr'>tit,</span> <span class='ocrx_word' id='word_1_25' title='bbox 607 806 666 854; x_wconf 88' lang='lat' dir='ltr'>aut</span> <span class='ocrx_word' id='word_1_26' title='bbox 689 788 779 855; x_wconf 86' lang='lat' dir='ltr'>aliter</span> <span class='ocrx_word' id='word_1_27' title='bbox 801 782 929 864; x_wconf 75' lang='lat' dir='ltr'>laium,</span> <span class='ocrx_word' id='word_1_28' title='bbox 953 794 1042 875; x_wconf 84' lang='lat' dir='ltr'>cujus</span> <span class='ocrx_word' id='word_1_29' title='bbox 1065 789 1223 857; x_wconf 87' lang='lat' dir='ltr'>occasione</span> <span class='ocrx_word' id='word_1_30' title='bbox 1241 805 1299 856; x_wconf 88' lang='lat' dir='ltr'>aut</span> <span class='ocrx_word' id='word_1_31' title='bbox 1323 809 1426 868; x_wconf 89' lang='lat' dir='ltr'>mors,</span> <span class='ocrx_word' id='word_1_32' title='bbox 1451 806 1511 857; x_wconf 89' lang='lat' dir='ltr'>aut</span> <span class='ocrx_word' id='word_1_33' title='bbox 1530 788 1696 860; x_wconf 81' lang='lat' dir='ltr'>convulsio</span> <span class='ocrx_word' id='word_1_34' title='bbox 1711 795 1864 872; x_wconf 83' lang='lat' dir='ltr'>eveniat,</span> <span class='ocrx_word' id='word_1_35' title='bbox 1892 798 1937 866; x_wconf 88' lang='lat' dir='ltr'>nil</span> 
     </span>
     <span class='ocr_line' id='line_1_5' title="bbox 522 877 1936 985; baseline -0.001 -29"><span class='ocrx_word' id='word_1_36' title='bbox 522 891 642 956; x_wconf 89' lang='lat' dir='ltr'>mirum</span> <span class='ocrx_word' id='word_1_37' title='bbox 658 879 719 954; x_wconf 67' lang='lat' dir='ltr'>ese</span> <span class='ocrx_word' id='word_1_38' title='bbox 736 877 847 954; x_wconf 90' lang='lat' dir='ltr'>debet.</span> <span class='ocrx_word' id='word_1_39' title='bbox 874 888 964 954; x_wconf 90' lang='lat' dir='ltr'>Nam</span> <span class='ocrx_word' id='word_1_40' title='bbox 989 886 1038 955; x_wconf 89' lang='lat' dir='ltr'>vel</span> <span class='ocrx_word' id='word_1_41' title='bbox 1062 881 1231 956; x_wconf 91' lang='lat' dir='ltr'>resolvitur</span> <span class='ocrx_word' id='word_1_42' title='bbox 1248 908 1344 985; x_wconf 80' lang='lat' dir='ltr'>pars,</span> <span class='ocrx_word' id='word_1_43' title='bbox 1368 887 1418 956; x_wconf 87' lang='lat' dir='ltr'>vel</span> <span class='ocrx_word' id='word_1_44' title='bbox 1441 911 1508 955; x_wconf 91' lang='lat' dir='ltr'>non</span> <span class='ocrx_word' id='word_1_45' title='bbox 1531 881 1714 958; x_wconf 87' lang='lat' dir='ltr'>resolvitur.</span> <span class='ocrx_word' id='word_1_46' title='bbox 1738 891 1772 960; x_wconf 83' lang='lat' dir='ltr'>Si</span> <span class='ocrx_word' id='word_1_47' title='bbox 1806 889 1936 967; x_wconf 78' lang='lat' dir='ltr'>resolvi.</span> 
     </span>
     <span class='ocr_line' id='line_1_6' title="bbox 524 979 1935 1091; baseline -0.001 -38"><span class='ocrx_word' id='word_1_48' title='bbox 524 1005 597 1062; x_wconf 83' lang='lat' dir='ltr'>tur,</span> <span class='ocrx_word' id='word_1_49' title='bbox 620 989 697 1078; x_wconf 83' lang='lat' dir='ltr'>quia</span> <span class='ocrx_word' id='word_1_50' title='bbox 713 987 926 1081; x_wconf 87' lang='lat' dir='ltr'>perieranium</span> <span class='ocrx_word' id='word_1_51' title='bbox 944 988 1134 1054; x_wconf 85' lang='lat' dir='ltr'>continuum</span> <span class='ocrx_word' id='word_1_52' title='bbox 1157 982 1219 1064; x_wconf 84' lang='lat' dir='ltr'>est,</span> <span class='ocrx_word' id='word_1_53' title='bbox 1243 979 1394 1054; x_wconf 85' lang='lat' dir='ltr'>resolutio</span> <span class='ocrx_word' id='word_1_54' title='bbox 1411 988 1505 1057; x_wconf 84' lang='lat' dir='ltr'>unius</span> <span class='ocrx_word' id='word_1_55' title='bbox 1523 989 1648 1082; x_wconf 78' lang='lat' dir='ltr'>partie,</span> <span class='ocrx_word' id='word_1_56' title='bbox 1680 992 1779 1085; x_wconf 87' lang='lat' dir='ltr'>partis</span> <span class='ocrx_word' id='word_1_57' title='bbox 1802 994 1935 1091; x_wconf 84' lang='lat' dir='ltr'>oppofi.</span> 
     </span>
     <span class='ocr_line' id='line_1_7' title="bbox 525 1078 1934 1163; baseline 0.006 -10"><span class='ocrx_word' id='word_1_58' title='bbox 525 1103 566 1153; x_wconf 83' lang='lat' dir='ltr'>tae</span> <span class='ocrx_word' id='word_1_59' title='bbox 580 1085 792 1154; x_wconf 79' lang='lat' dir='ltr'>convulsionis</span> <span class='ocrx_word' id='word_1_60' title='bbox 809 1083 922 1151; x_wconf 75' lang='grc' dir='ltr'>ιιιᾶοι</span> <span class='ocrx_word' id='word_1_61' title='bbox 936 1082 1074 1152; x_wconf 80' lang='lat' dir='ltr'>exiistit.</span> <span class='ocrx_word' id='word_1_62' title='bbox 1101 1087 1133 1154; x_wconf 86' lang='lat' dir='ltr'>Si</span> <span class='ocrx_word' id='word_1_63' title='bbox 1158 1108 1226 1152; x_wconf 89' lang='lat' dir='ltr'>non</span> <span class='ocrx_word' id='word_1_64' title='bbox 1247 1078 1439 1163; x_wconf 86' lang='lat' dir='ltr'>resolvitur,</span> <span class='ocrx_word' id='word_1_65' title='bbox 1463 1081 1551 1155; x_wconf 84' lang='lat' dir='ltr'>facile</span> <span class='ocrx_word' id='word_1_66' title='bbox 1573 1090 1827 1158; x_wconf 86' lang='lat' dir='ltr'>communicatur</span> <span class='ocrx_word' id='word_1_67' title='bbox 1846 1097 1934 1162; x_wconf 80' lang='lat' dir='ltr'>virus</span> 
     </span>
     <span class='ocr_line' id='line_1_8' title="bbox 423 1177 1933 1278; baseline 0.005 -24"><span class='ocrx_word' id='word_1_68' title='bbox 423 1180 427 1189; x_wconf 83' lang='grc'><strong>’</strong></span> <span class='ocrx_word' id='word_1_69' title='bbox 525 1204 585 1255; x_wconf 88' lang='lat' dir='ltr'>aut</span> <span class='ocrx_word' id='word_1_70' title='bbox 602 1184 683 1276; x_wconf 93' lang='lat' dir='ltr'>quid</span> <span class='ocrx_word' id='word_1_71' title='bbox 707 1182 803 1249; x_wconf 89' lang='lat' dir='ltr'>simile</span> <span class='ocrx_word' id='word_1_72' title='bbox 828 1185 909 1278; x_wconf 84' lang='lat' dir='ltr'>parti</span> <span class='ocrx_word' id='word_1_73' title='bbox 932 1177 1038 1252; x_wconf 80' lang='lat' dir='ltr'>sana.</span> <span class='ocrx_word' id='word_1_74' title='bbox 1064 1184 1101 1250; x_wconf 90' lang='lat' dir='ltr'>ld</span> <span class='ocrx_word' id='word_1_75' title='bbox 1126 1183 1217 1277; x_wconf 90' lang='lat' dir='ltr'>quod</span> <span class='ocrx_word' id='word_1_76' title='bbox 1241 1204 1314 1253; x_wconf 85' lang='lat' dir='ltr'>ante</span> <span class='ocrx_word' id='word_1_77' title='bbox 1338 1177 1467 1253; x_wconf 85' lang='lat' dir='ltr'>abunde</span> <span class='ocrx_word' id='word_1_78' title='bbox 1498 1182 1747 1255; x_wconf 82' lang='lat' dir='ltr'>demonstratum</span> <span class='ocrx_word' id='word_1_79' title='bbox 1765 1186 1836 1256; x_wconf 91' lang='lat' dir='ltr'>est.</span> <span class='ocrx_word' id='word_1_80' title='bbox 1862 1193 1933 1262; x_wconf 86' lang='lat' dir='ltr'>Noc</span> 
     </span>
     <span class='ocr_line' id='line_1_9' title="bbox 516 1281 1933 1384; baseline 0.002 -29"><span class='ocrx_word' id='word_1_81' title='bbox 516 1282 739 1355; x_wconf 84' lang='lat' dir='ltr'>¹omittendum</span> <span class='ocrx_word' id='word_1_82' title='bbox 755 1281 836 1349; x_wconf 92' lang='lat' dir='ltr'>illud</span> <span class='ocrx_word' id='word_1_83' title='bbox 856 1283 945 1375; x_wconf 93' lang='lat' dir='ltr'>quod</span> <span class='ocrx_word' id='word_1_84' title='bbox 970 1283 1126 1380; x_wconf 85' lang='lat' dir='ltr'>Fallopius</span> <span class='ocrx_word' id='word_1_85' title='bbox 1142 1284 1377 1354; x_wconf 85' lang='lat' dir='ltr'>animadvertit.</span> <span class='ocrx_word' id='word_1_86' title='bbox 1405 1285 1461 1354; x_wconf 82' lang='lat' dir='ltr'>Ait</span> <span class='ocrx_word' id='word_1_87' title='bbox 1479 1286 1564 1353; x_wconf 89' lang='lat' dir='ltr'>enim</span> <span class='ocrx_word' id='word_1_88' title='bbox 1588 1303 1735 1354; x_wconf 85' lang='lat' dir='ltr'>anatome</span> <span class='ocrx_word' id='word_1_89' title='bbox 1757 1287 1933 1384; x_wconf 83' lang='lat' dir='ltr'>deprehen-</span> 
     </span>
     <span class='ocr_line' id='line_1_10' title="bbox 521 1375 1932 1484; baseline 0.004 -35"><span class='ocrx_word' id='word_1_90' title='bbox 521 1378 600 1465; x_wconf 77' lang='lat' dir='ltr'>‚disse</span> <span class='ocrx_word' id='word_1_91' title='bbox 619 1375 666 1459; x_wconf 87' lang='lat' dir='ltr'>se,</span> <span class='ocrx_word' id='word_1_92' title='bbox 692 1402 785 1450; x_wconf 88' lang='lat' dir='ltr'>venas</span> <span class='ocrx_word' id='word_1_93' title='bbox 812 1403 921 1448; x_wconf 88' lang='lat' dir='ltr'>omnes</span> <span class='ocrx_word' id='word_1_94' title='bbox 942 1403 1016 1474; x_wconf 88' lang='lat' dir='ltr'>quae</span> <span class='ocrx_word' id='word_1_95' title='bbox 1034 1405 1089 1479; x_wconf 89' lang='lat' dir='ltr'>per</span> <span class='ocrx_word' id='word_1_96' title='bbox 1112 1387 1237 1451; x_wconf 89' lang='lat' dir='ltr'>corium</span> <span class='ocrx_word' id='word_1_97' title='bbox 1264 1375 1529 1460; x_wconf 64' lang='lat' dir='ltr'>disseminantur,</span> <span class='ocrx_word' id='word_1_98' title='bbox 1553 1406 1761 1479; x_wconf 88' lang='lat' dir='ltr'>quatumque</span> <span class='ocrx_word' id='word_1_99' title='bbox 1782 1391 1817 1454; x_wconf 89' lang='lat' dir='ltr'>iii</span> <span class='ocrx_word' id='word_1_100' title='bbox 1841 1409 1932 1484; x_wconf 85' lang='lat' dir='ltr'>parte</span> 
     </span>
     <span class='ocr_line' id='line_1_11' title="bbox 521 1474 1930 1579; baseline 0.003 -29"><span class='ocrx_word' id='word_1_101' title='bbox 521 1477 656 1564; x_wconf 79' lang='lat' dir='ltr'>suerint,</span> <span class='ocrx_word' id='word_1_102' title='bbox 681 1483 724 1547; x_wconf 87' lang='lat' dir='ltr'>ita</span> <span class='ocrx_word' id='word_1_103' title='bbox 742 1474 870 1548; x_wconf 88' lang='lat' dir='ltr'>intersc</span> <span class='ocrx_word' id='word_1_104' title='bbox 894 1485 1146 1558; x_wconf 87' lang='lat' dir='ltr'>communicate,</span> <span class='ocrx_word' id='word_1_105' title='bbox 1172 1500 1209 1550; x_wconf 90' lang='lat' dir='ltr'>ut</span> <span class='ocrx_word' id='word_1_106' title='bbox 1228 1505 1312 1552; x_wconf 86' lang='lat' dir='ltr'>venae</span> <span class='ocrx_word' id='word_1_107' title='bbox 1326 1481 1509 1551; x_wconf 87' lang='lat' dir='ltr'>dextrarum</span> <span class='ocrx_word' id='word_1_108' title='bbox 1533 1485 1699 1579; x_wconf 88' lang='lat' dir='ltr'>partium,</span> <span class='ocrx_word' id='word_1_109' title='bbox 1733 1483 1930 1561; x_wconf 79' lang='lat' dir='ltr'>sinistrarum</span> 
     </span>
     <span class='ocr_line' id='line_1_12' title="bbox 520 1572 1930 1676; baseline 0.001 -24"><span class='ocrx_word' id='word_1_110' title='bbox 520 1584 607 1652; x_wconf 84' lang='lat' dir='ltr'>venis</span> <span class='ocrx_word' id='word_1_111' title='bbox 621 1582 773 1652; x_wconf 85' lang='lat' dir='ltr'>continua</span> <span class='ocrx_word' id='word_1_112' title='bbox 792 1572 865 1647; x_wconf 89' lang='lat' dir='ltr'>serie</span> <span class='ocrx_word' id='word_1_113' title='bbox 889 1581 1094 1676; x_wconf 84' lang='lat' dir='ltr'>copulentur.</span> <span class='ocrx_word' id='word_1_114' title='bbox 1126 1579 1223 1649; x_wconf 82' lang='lat' dir='ltr'>Unde</span> <span class='ocrx_word' id='word_1_115' title='bbox 1252 1582 1435 1649; x_wconf 83' lang='lat' dir='ltr'>dextrarum</span> <span class='ocrx_word' id='word_1_116' title='bbox 1460 1605 1535 1651; x_wconf 88' lang='lat' dir='ltr'>cuni</span> <span class='ocrx_word' id='word_1_117' title='bbox 1562 1579 1688 1649; x_wconf 86' lang='lat' dir='ltr'>sinistris</span> <span class='ocrx_word' id='word_1_118' title='bbox 1709 1604 1849 1676; x_wconf 83' lang='lat' dir='ltr'>magnus</span> <span class='ocrx_word' id='word_1_119' title='bbox 1885 1582 1930 1655; x_wconf 85' lang='lat' dir='ltr'>est</span> 
     </span>
     <span class='ocr_line' id='line_1_13' title="bbox 516 1673 1933 1778; baseline 0.004 -31.788"><span class='ocrx_word' id='word_1_120' title='bbox 516 1673 702 1754; x_wconf 84' lang='lat' dir='ltr'>consensus,</span> <span class='ocrx_word' id='word_1_121' title='bbox 725 1680 814 1770; x_wconf 93' lang='lat' dir='ltr'>quod</span> <span class='ocrx_word' id='word_1_122' title='bbox 831 1673 978 1750; x_wconf 86' lang='lat' dir='ltr'>vasorum</span> <span class='ocrx_word' id='word_1_123' title='bbox 1003 1673 1128 1747; x_wconf 88' lang='lat' dir='ltr'>societas</span> <span class='ocrx_word' id='word_1_124' title='bbox 1144 1680 1329 1748; x_wconf 82' lang='lat' dir='ltr'>intercedat.</span> <span class='ocrx_word' id='word_1_125' title='bbox 1358 1680 1485 1748; x_wconf 75' lang='lat' dir='ltr'>Accedit</span> <span class='ocrx_word' id='word_1_126' title='bbox 1508 1680 1598 1772; x_wconf 91' lang='lat' dir='ltr'>quod</span> <span class='ocrx_word' id='word_1_127' title='bbox 1616 1683 1741 1750; x_wconf 88' lang='lat' dir='ltr'>minime</span> <span class='ocrx_word' id='word_1_128' title='bbox 1764 1683 1802 1748; x_wconf 92' lang='lat' dir='ltr'>sit</span> <span class='ocrx_word' id='word_1_129' title='bbox 1825 1685 1933 1778; x_wconf 85' lang='lat' dir='ltr'>expli·</span> 
     </span>
     <span class='ocr_line' id='line_1_14' title="bbox 515 1770 1933 1873; baseline 0.001 -26"><span class='ocrx_word' id='word_1_130' title='bbox 515 1772 624 1847; x_wconf 85' lang='lat' dir='ltr'>tabilis</span> <span class='ocrx_word' id='word_1_131' title='bbox 639 1770 801 1844; x_wconf 87' lang='lat' dir='ltr'>consensus</span> <span class='ocrx_word' id='word_1_132' title='bbox 816 1780 955 1873; x_wconf 88' lang='lat' dir='ltr'>partium</span> <span class='ocrx_word' id='word_1_133' title='bbox 970 1801 1044 1845; x_wconf 89' lang='lat' dir='ltr'>cuin</span> <span class='ocrx_word' id='word_1_134' title='bbox 1060 1771 1204 1873; x_wconf 83' lang='lat' dir='ltr'>partibus</span> <span class='ocrx_word' id='word_1_135' title='bbox 1218 1778 1311 1846; x_wconf 88' lang='lat' dir='ltr'>aliis.</span> <span class='ocrx_word' id='word_1_136' title='bbox 1340 1779 1377 1844; x_wconf 94' lang='lat' dir='ltr'>ld</span> <span class='ocrx_word' id='word_1_137' title='bbox 1398 1779 1487 1872; x_wconf 89' lang='lat' dir='ltr'>quod</span> <span class='ocrx_word' id='word_1_138' title='bbox 1512 1782 1544 1847; x_wconf 94' lang='lat' dir='ltr'>iii</span> <span class='ocrx_word' id='word_1_139' title='bbox 1569 1776 1724 1868; x_wconf 82' lang='lat' dir='ltr'>hyslericis</span> <span class='ocrx_word' id='word_1_140' title='bbox 1755 1780 1933 1850; x_wconf 76' lang='lat' dir='ltr'>affeetioni-</span> 
     </span>
     <span class='ocr_line' id='line_1_15' title="bbox 518 1869 1929 1971; baseline 0.002 -27"><span class='ocrx_word' id='word_1_141' title='bbox 518 1869 579 1945; x_wconf 89' lang='lat' dir='ltr'>bus</span> <span class='ocrx_word' id='word_1_142' title='bbox 594 1894 741 1971; x_wconf 84' lang='lat' dir='ltr'>apparet.</span> <span class='ocrx_word' id='word_1_143' title='bbox 769 1877 907 1968; x_wconf 91' lang='lat' dir='ltr'>ld-quod</span> <span class='ocrx_word' id='word_1_144' title='bbox 926 1882 960 1942; x_wconf 90' lang='lat' dir='ltr'>iii</span> <span class='ocrx_word' id='word_1_145' title='bbox 986 1873 1123 1946; x_wconf 68' lang='lat' dir='ltr'>frasiuta</span> <span class='ocrx_word' id='word_1_146' title='bbox 1137 1876 1225 1944; x_wconf 79' lang='lat' dir='ltr'>calcis</span> <span class='ocrx_word' id='word_1_147' title='bbox 1249 1900 1349 1970; x_wconf 89' lang='lat' dir='ltr'>quani</span> <span class='ocrx_word' id='word_1_148' title='bbox 1372 1877 1531 1946; x_wconf 80' lang='lat' dir='ltr'>convulsio</span> <span class='ocrx_word' id='word_1_149' title='bbox 1548 1871 1708 1970; x_wconf 88' lang='lat' dir='ltr'>sequitur,</span> <span class='ocrx_word' id='word_1_150' title='bbox 1732 1878 1929 1949; x_wconf 79' lang='lat' dir='ltr'>eernereest.</span> 
     </span>
     <span class='ocr_line' id='line_1_16' title="bbox 516 1971 1933 2073; baseline 0.003 -30"><span class='ocrx_word' id='word_1_151' title='bbox 516 1975 554 2043; x_wconf 91' lang='lat' dir='ltr'>ld</span> <span class='ocrx_word' id='word_1_152' title='bbox 571 1975 686 2067; x_wconf 91' lang='lat' dir='ltr'>quodi</span> <span class='ocrx_word' id='word_1_153' title='bbox 735 1973 967 2044; x_wconf 89' lang='lat' dir='ltr'>menstruorum</span> <span class='ocrx_word' id='word_1_154' title='bbox 983 1996 1076 2044; x_wconf 90' lang='lat' dir='ltr'>motu</span> <span class='ocrx_word' id='word_1_155' title='bbox 1093 1976 1251 2073; x_wconf 86' lang='lat' dir='ltr'>periodico</span> <span class='ocrx_word' id='word_1_156' title='bbox 1270 1976 1390 2044; x_wconf 89' lang='lat' dir='ltr'>clarum</span> <span class='ocrx_word' id='word_1_157' title='bbox 1405 1974 1469 2054; x_wconf 88' lang='lat' dir='ltr'>est,</span> <span class='ocrx_word' id='word_1_158' title='bbox 1486 1971 1651 2071; x_wconf 76' lang='lat' dir='ltr'>presertim</span> <span class='ocrx_word' id='word_1_159' title='bbox 1666 1999 1772 2070; x_wconf 87' lang='lat' dir='ltr'>quum</span> <span class='ocrx_word' id='word_1_160' title='bbox 1783 1972 1933 2047; x_wconf 90' lang='lat' dir='ltr'>laborio-</span> 
     </span>
     <span class='ocr_line' id='line_1_17' title="bbox 515 1999 1932 2172; baseline 0.004 -31"><span class='ocrx_word' id='word_1_161' title='bbox 515 2072 578 2141; x_wconf 88' lang='lat' dir='ltr'>sius</span> <span class='ocrx_word' id='word_1_162' title='bbox 593 1999 798 2153; x_wconf 54' lang='lat' dir='ltr'>emovgitur,</span> <span class='ocrx_word' id='word_1_163' title='bbox 819 2073 939 2145; x_wconf 82' lang='lat' dir='ltr'>clarum</span> <span class='ocrx_word' id='word_1_164' title='bbox 963 2072 1095 2144; x_wconf 85' lang='lat' dir='ltr'>exsistit.</span> <span class='ocrx_word' id='word_1_165' title='bbox 1122 2067 1273 2144; x_wconf 85' lang='lat' dir='ltr'>Pluribus</span> <span class='ocrx_word' id='word_1_166' title='bbox 1296 2075 1330 2144; x_wconf 94' lang='lat' dir='ltr'>id</span> <span class='ocrx_word' id='word_1_167' title='bbox 1353 2100 1419 2144; x_wconf 88' lang='lat' dir='ltr'>non</span> <span class='ocrx_word' id='word_1_168' title='bbox 1444 2076 1517 2144; x_wconf 90' lang='lat' dir='ltr'>licet</span> <span class='ocrx_word' id='word_1_169' title='bbox 1533 2075 1710 2172; x_wconf 83' lang='lat' dir='ltr'>explicato,</span> <span class='ocrx_word' id='word_1_170' title='bbox 1731 2097 1839 2169; x_wconf 86' lang='lat' dir='ltr'>quum</span> <span class='ocrx_word' id='word_1_171' title='bbox 1866 2100 1932 2146; x_wconf 86' lang='lat' dir='ltr'>ari-</span> 
     </span>
    </p>

    <p class='ocr_par' dir='ltr' id='par_1_3' title="bbox 340 2167 1933 5136">
     <span class='ocr_line' id='line_1_18' title="bbox 517 2167 1610 2270; baseline 0.011 -29"><span class='ocrx_word' id='word_1_172' title='bbox 517 2189 548 2241; x_wconf 86' lang='lat' dir='ltr'>te</span> <span class='ocrx_word' id='word_1_173' title='bbox 572 2172 695 2268; x_wconf 84' lang='lat' dir='ltr'>plenius</span> <span class='ocrx_word' id='word_1_174' title='bbox 718 2167 915 2270; x_wconf 85' lang='lat' dir='ltr'>disputatum</span> <span class='ocrx_word' id='word_1_175' title='bbox 939 2176 995 2242; x_wconf 80' lang='lat' dir='ltr'>fit.</span> <span class='ocrx_word' id='word_1_176' title='bbox 1607 2248 1610 2253; x_wconf 81' lang='grc'>,</span> 
     </span>
     <span class='ocr_line' id='line_1_19' title="bbox 567 2269 1931 2372; baseline 0.004 -34"><span class='ocrx_word' id='word_1_177' title='bbox 567 2273 615 2339; x_wconf 82' lang='lat' dir='ltr'>Ae</span> <span class='ocrx_word' id='word_1_178' title='bbox 640 2271 747 2340; x_wconf 91' lang='lat' dir='ltr'>denuo</span> <span class='ocrx_word' id='word_1_179' title='bbox 771 2275 836 2355; x_wconf 88' lang='grc' dir='ltr'>(ιιι</span> <span class='ocrx_word' id='word_1_180' title='bbox 853 2274 976 2368; x_wconf 88' lang='lat' dir='ltr'>aliquid</span> <span class='ocrx_word' id='word_1_181' title='bbox 994 2275 1125 2345; x_wconf 81' lang='lat' dir='ltr'>tandein</span> <span class='ocrx_word' id='word_1_182' title='bbox 1148 2273 1388 2362; x_wconf 85' lang='lat' dir='ltr'>constituatur)</span> <span class='ocrx_word' id='word_1_183' title='bbox 1413 2277 1548 2345; x_wconf 89' lang='lat' dir='ltr'>rationes</span> <span class='ocrx_word' id='word_1_184' title='bbox 1570 2269 1665 2372; x_wconf 88' lang='lat' dir='ltr'>supra</span> <span class='ocrx_word' id='word_1_185' title='bbox 1688 2272 1844 2343; x_wconf 65' lang='lat' dir='ltr'>addudas</span> <span class='ocrx_word' id='word_1_186' title='bbox 1876 2298 1931 2344; x_wconf 83' lang='lat' dir='ltr'>ex-</span> 
     </span>
     <span class='ocr_line' id='line_1_20' title="bbox 513 2365 1931 2472; baseline 0.006 -36"><span class='ocrx_word' id='word_1_187' title='bbox 513 2371 647 2465; x_wconf 89' lang='lat' dir='ltr'>pendere</span> <span class='ocrx_word' id='word_1_188' title='bbox 663 2365 778 2440; x_wconf 89' lang='lat' dir='ltr'>necesse</span> <span class='ocrx_word' id='word_1_189' title='bbox 795 2367 915 2442; x_wconf 87' lang='lat' dir='ltr'>liabeo.</span> <span class='ocrx_word' id='word_1_190' title='bbox 950 2377 998 2443; x_wconf 84' lang='lat' dir='ltr'>Ac</span> <span class='ocrx_word' id='word_1_191' title='bbox 1018 2376 1057 2443; x_wconf 90' lang='lat' dir='ltr'>de</span> <span class='ocrx_word' id='word_1_192' title='bbox 1083 2377 1186 2472; x_wconf 85' lang='lat' dir='ltr'>prima</span> <span class='ocrx_word' id='word_1_193' title='bbox 1209 2377 1342 2468; x_wconf 88' lang='lat' dir='ltr'>quidem</span> <span class='ocrx_word' id='word_1_194' title='bbox 1374 2379 1523 2445; x_wconf 88' lang='lat' dir='ltr'>ratione.</span> <span class='ocrx_word' id='word_1_195' title='bbox 1546 2375 1635 2444; x_wconf 86' lang='lat' dir='ltr'>Rata</span> <span class='ocrx_word' id='word_1_196' title='bbox 1660 2373 1790 2468; x_wconf 86' lang='lat' dir='ltr'>quidem</span> <span class='ocrx_word' id='word_1_197' title='bbox 1826 2375 1931 2445; x_wconf 74' lang='lat' dir='ltr'>multa</span> 
     </span>
     <span class='ocr_line' id='line_1_21' title="bbox 513 2461 1927 2568; baseline 0.004 -33"><span class='ocrx_word' id='word_1_198' title='bbox 513 2461 607 2547; x_wconf 88' lang='lat' dir='ltr'>sunt,</span> <span class='ocrx_word' id='word_1_199' title='bbox 631 2461 681 2538; x_wconf 85' lang='lat' dir='ltr'>sed</span> <span class='ocrx_word' id='word_1_200' title='bbox 695 2471 887 2568; x_wconf 85' lang='lat' dir='ltr'>exploranda</span> <span class='ocrx_word' id='word_1_201' title='bbox 903 2472 1028 2542; x_wconf 90' lang='lat' dir='ltr'>denuo.</span> <span class='ocrx_word' id='word_1_202' title='bbox 1055 2469 1309 2544; x_wconf 87' lang='lat' dir='ltr'>Consentaneum</span> <span class='ocrx_word' id='word_1_203' title='bbox 1327 2475 1455 2544; x_wconf 88' lang='lat' dir='ltr'>videtur</span> <span class='ocrx_word' id='word_1_204' title='bbox 1469 2492 1507 2543; x_wconf 86' lang='lat' dir='ltr'>ut</span> <span class='ocrx_word' id='word_1_205' title='bbox 1519 2472 1630 2541; x_wconf 85' lang='lat' dir='ltr'>dextra</span> <span class='ocrx_word' id='word_1_206' title='bbox 1648 2473 1758 2568; x_wconf 90' lang='lat' dir='ltr'>potius</span> <span class='ocrx_word' id='word_1_207' title='bbox 1782 2493 1881 2566; x_wconf 83' lang='lat' dir='ltr'>pars,</span> <span class='ocrx_word' id='word_1_208' title='bbox 1904 2474 1927 2541; x_wconf 87' lang='lat' dir='ltr'>li</span> 
     </span>
     <span class='ocr_line' id='line_1_22' title="bbox 513 2560 1926 2665; baseline 0.006 -32"><span class='ocrx_word' id='word_1_209' title='bbox 513 2560 585 2635; x_wconf 80' lang='lat' dir='ltr'>laesa</span> <span class='ocrx_word' id='word_1_210' title='bbox 607 2566 664 2645; x_wconf 87' lang='lat' dir='ltr'>sit,</span> <span class='ocrx_word' id='word_1_211' title='bbox 687 2571 902 2648; x_wconf 82' lang='lat' dir='ltr'>convellatur,</span> <span class='ocrx_word' id='word_1_212' title='bbox 925 2595 1025 2665; x_wconf 86' lang='lat' dir='ltr'>quam</span> <span class='ocrx_word' id='word_1_213' title='bbox 1041 2570 1160 2641; x_wconf 89' lang='lat' dir='ltr'>sinistra</span> <span class='ocrx_word' id='word_1_214' title='bbox 1176 2595 1251 2664; x_wconf 74' lang='lat' dir='ltr'>qua</span> <span class='ocrx_word' id='word_1_215' title='bbox 1266 2567 1349 2640; x_wconf 90' lang='lat' dir='ltr'>illesa</span> <span class='ocrx_word' id='word_1_216' title='bbox 1372 2571 1414 2639; x_wconf 86' lang='lat' dir='ltr'>esl</span> <span class='ocrx_word' id='word_1_217' title='bbox 1435 2620 1442 2636; x_wconf 94' lang='lat'>.</span> <span class='ocrx_word' id='word_1_218' title='bbox 1471 2570 1609 2636; x_wconf 85' lang='lat' dir='ltr'>Galenus</span> <span class='ocrx_word' id='word_1_219' title='bbox 1630 2569 1663 2634; x_wconf 90' lang='lat' dir='ltr'>id</span> <span class='ocrx_word' id='word_1_220' title='bbox 1680 2564 1857 2663; x_wconf 75' lang='lat' dir='ltr'>expreffisse</span> <span class='ocrx_word' id='word_1_221' title='bbox 1878 2577 1926 2642; x_wconf 85' lang='lat' dir='ltr'>vi-</span> 
     </span>
     <span class='ocr_line' id='line_1_23' title="bbox 370 2658 1925 2764; baseline 0.001 -31"><span class='ocrx_word' id='word_1_222' title='bbox 370 2709 375 2720; x_wconf 89' lang='lat'><strong>·</strong></span> <span class='ocrx_word' id='word_1_223' title='bbox 424 2665 433 2685; x_wconf 86' lang='lat'>&#39;</span> <span class='ocrx_word' id='word_1_224' title='bbox 480 2665 488 2686; x_wconf 84' lang='lat'>&#39;</span> <span class='ocrx_word' id='word_1_225' title='bbox 514 2665 607 2735; x_wconf 88' lang='lat' dir='ltr'>detur</span> <span class='ocrx_word' id='word_1_226' title='bbox 622 2669 781 2764; x_wconf 82' lang='lat' dir='ltr'>explicans</span> <span class='ocrx_word' id='word_1_227' title='bbox 803 2670 899 2738; x_wconf 84' lang='lat' dir='ltr'>illud:</span> <span class='ocrx_word' id='word_1_228' title='bbox 924 2669 1103 2737; x_wconf 86' lang='lat' dir='ltr'>Convulsio</span> <span class='ocrx_word' id='word_1_229' title='bbox 1119 2688 1157 2732; x_wconf 85' lang='lat' dir='ltr'>eit</span> <span class='ocrx_word' id='word_1_230' title='bbox 1173 2669 1301 2733; x_wconf 87' lang='lat' dir='ltr'>vulnere</span> <span class='ocrx_word' id='word_1_231' title='bbox 1318 2665 1438 2734; x_wconf 87' lang='lat' dir='ltr'>letalis:</span> <span class='ocrx_word' id='word_1_232' title='bbox 1462 2667 1508 2732; x_wconf 81' lang='lat' dir='ltr'>Ex</span> <span class='ocrx_word' id='word_1_233' title='bbox 1534 2658 1723 2734; x_wconf 88' lang='lat' dir='ltr'>vulneribus</span> <span class='ocrx_word' id='word_1_234' title='bbox 1749 2669 1925 2737; x_wconf 80' lang='lat' dir='ltr'>fiuntoon-</span> 
     </span>
     <span class='ocr_line' id='line_1_24' title="bbox 392 2748 1924 2859; baseline -0.002 -22"><span class='ocrx_word' id='word_1_235' title='bbox 392 2748 402 2769; x_wconf 72' lang='lat'><em>⁰</em></span> <span class='ocrx_word' id='word_1_236' title='bbox 459 2750 469 2770; x_wconf 71' lang='grc'><strong>’</strong></span> <span class='ocrx_word' id='word_1_237' title='bbox 513 2766 669 2837; x_wconf 82' lang='lat' dir='ltr'>vulsiones</span> <span class='ocrx_word' id='word_1_238' title='bbox 686 2770 806 2836; x_wconf 89' lang='lat' dir='ltr'>ratione</span> <span class='ocrx_word' id='word_1_239' title='bbox 819 2763 972 2858; x_wconf 87' lang='lat' dir='ltr'>sequentis</span> <span class='ocrx_word' id='word_1_240' title='bbox 996 2759 1061 2859; x_wconf 88' lang='lat' dir='ltr'>ipsa</span> <span class='ocrx_word' id='word_1_241' title='bbox 1081 2762 1215 2832; x_wconf 83' lang='lat' dir='ltr'>vulnera</span> <span class='ocrx_word' id='word_1_242' title='bbox 1233 2763 1490 2830; x_wconf 83' lang='lat' dir='ltr'>inflammationis</span> <span class='ocrx_word' id='word_1_243' title='bbox 1514 2781 1618 2852; x_wconf 89' lang='lat' dir='ltr'>quum</span> <span class='ocrx_word' id='word_1_244' title='bbox 1644 2781 1752 2857; x_wconf 84' lang='lat' dir='ltr'>partes</span> <span class='ocrx_word' id='word_1_245' title='bbox 1785 2762 1924 2839; x_wconf 74' lang='lat' dir='ltr'>nervosas</span> 
     </span>
     <span class='ocr_line' id='line_1_25' title="bbox 512 2853 1925 2961; baseline 0 -26"><span class='ocrx_word' id='word_1_246' title='bbox 512 2868 669 2960; x_wconf 87' lang='lat' dir='ltr'>attigerit.</span> <span class='ocrx_word' id='word_1_247' title='bbox 697 2869 737 2935; x_wconf 83' lang='lat' dir='ltr'>Et</span> <span class='ocrx_word' id='word_1_248' title='bbox 759 2871 903 2961; x_wconf 87' lang='lat' dir='ltr'>primum</span> <span class='ocrx_word' id='word_1_249' title='bbox 923 2863 1059 2935; x_wconf 84' lang='lat' dir='ltr'>convelli</span> <span class='ocrx_word' id='word_1_250' title='bbox 1080 2860 1229 2932; x_wconf 90' lang='lat' dir='ltr'>videntur</span> <span class='ocrx_word' id='word_1_251' title='bbox 1251 2881 1356 2954; x_wconf 83' lang='lat' dir='ltr'>quaee</span> <span class='ocrx_word' id='word_1_252' title='bbox 1390 2859 1512 2930; x_wconf 70' lang='lat' dir='ltr'>dinuo</span> <span class='ocrx_word' id='word_1_253' title='bbox 1535 2853 1607 2927; x_wconf 90' lang='lat' dir='ltr'>sunt</span> <span class='ocrx_word' id='word_1_254' title='bbox 1632 2865 1775 2957; x_wconf 89' lang='lat' dir='ltr'>partium</span> <span class='ocrx_word' id='word_1_255' title='bbox 1801 2868 1925 2936; x_wconf 81' lang='lat' dir='ltr'>inflam-</span> 
     </span>
     <span class='ocr_line' id='line_1_26' title="bbox 411 2940 1924 3060; baseline -0.002 -26"><span class='ocrx_word' id='word_1_256' title='bbox 411 2940 420 2965; x_wconf 62' lang='lat'>⁸</span> <span class='ocrx_word' id='word_1_257' title='bbox 511 2969 649 3036; x_wconf 89' lang='lat' dir='ltr'>matione</span> <span class='ocrx_word' id='word_1_258' title='bbox 673 2958 905 3041; x_wconf 63' lang='lat' dir='ltr'>laborantiume</span> <span class='ocrx_word' id='word_1_259' title='bbox 928 2962 1040 3031; x_wconf 87' lang='lat' dir='ltr'>deinde</span> <span class='ocrx_word' id='word_1_260' title='bbox 1060 2959 1232 3057; x_wconf 85' lang='lat' dir='ltr'>postquam</span> <span class='ocrx_word' id='word_1_261' title='bbox 1243 2954 1406 3029; x_wconf 86' lang='lat' dir='ltr'>cerebrum</span> <span class='ocrx_word' id='word_1_262' title='bbox 1423 2959 1513 3053; x_wconf 91' lang='lat' dir='ltr'>quod</span> <span class='ocrx_word' id='word_1_263' title='bbox 1531 2960 1727 3057; x_wconf 88' lang='lat' dir='ltr'>principium</span> <span class='ocrx_word' id='word_1_264' title='bbox 1742 2961 1790 3033; x_wconf 80' lang='lat' dir='ltr'>est</span> <span class='ocrx_word' id='word_1_265' title='bbox 1814 2970 1924 3060; x_wconf 79' lang='lat' dir='ltr'>attige-</span> 
     </span>
     <span class='ocr_line' id='line_1_27' title="bbox 511 3053 1925 3156; baseline 0 -24"><span class='ocrx_word' id='word_1_266' title='bbox 511 3070 553 3132; x_wconf 86' lang='lat' dir='ltr'>rit</span> <span class='ocrx_word' id='word_1_267' title='bbox 567 3066 783 3136; x_wconf 86' lang='lat' dir='ltr'>inflammatio</span> <span class='ocrx_word' id='word_1_268' title='bbox 800 3064 841 3132; x_wconf 88' lang='lat' dir='ltr'>ad</span> <span class='ocrx_word' id='word_1_269' title='bbox 859 3079 968 3131; x_wconf 91' lang='lat' dir='ltr'>totum</span> <span class='ocrx_word' id='word_1_270' title='bbox 989 3060 1172 3129; x_wconf 79' lang='lat' dir='ltr'>extenditur</span> <span class='ocrx_word' id='word_1_271' title='bbox 1195 3082 1335 3156; x_wconf 88' lang='lat' dir='ltr'>corpus.</span> <span class='ocrx_word' id='word_1_272' title='bbox 1360 3060 1481 3128; x_wconf 87' lang='lat' dir='ltr'>Textus</span> <span class='ocrx_word' id='word_1_273' title='bbox 1503 3060 1633 3127; x_wconf 84' lang='lat' dir='ltr'>Graeeus</span> <span class='ocrx_word' id='word_1_274' title='bbox 1657 3053 1860 3132; x_wconf 88' lang='lat' dir='ltr'>suboscurior</span> <span class='ocrx_word' id='word_1_275' title='bbox 1877 3068 1925 3138; x_wconf 90' lang='lat' dir='ltr'>vi-</span> 
     </span>
     <span class='ocr_line' id='line_1_28' title="bbox 511 3151 1924 3250; baseline -0.006 -21"><span class='ocrx_word' id='word_1_276' title='bbox 511 3166 624 3233; x_wconf 92' lang='lat' dir='ltr'>detur.</span> <span class='ocrx_word' id='word_1_277' title='bbox 651 3167 780 3234; x_wconf 88' lang='lat' dir='ltr'>Nomen</span> <span class='ocrx_word' id='word_1_278' title='bbox 804 3164 889 3230; x_wconf 90' lang='lat' dir='ltr'>enirn</span> <span class='ocrx_word' id='word_1_279' title='bbox 914 3155 1004 3232; x_wconf 66' lang='grc' dir='ltr'>πίθοι</span> <span class='ocrx_word' id='word_1_280' title='bbox 1029 3168 1061 3227; x_wconf 92' lang='lat' dir='ltr'>in</span> <span class='ocrx_word' id='word_1_281' title='bbox 1076 3161 1189 3227; x_wconf 73' lang='lat' dir='ltr'>Graeco</span> <span class='ocrx_word' id='word_1_282' title='bbox 1213 3162 1416 3250; x_wconf 84' lang='lat' dir='ltr'>conjungitur</span> <span class='ocrx_word' id='word_1_283' title='bbox 1438 3182 1514 3226; x_wconf 88' lang='lat' dir='ltr'>cum</span> <span class='ocrx_word' id='word_1_284' title='bbox 1536 3151 1634 3226; x_wconf 87' lang='lat' dir='ltr'>verbo</span> <span class='ocrx_word' id='word_1_285' title='bbox 1665 3156 1801 3237; x_wconf 62' lang='lat' dir='ltr'>ildini,</span> <span class='ocrx_word' id='word_1_286' title='bbox 1828 3180 1867 3231; x_wconf 69' lang='lat' dir='ltr'>ut</span> <span class='ocrx_word' id='word_1_287' title='bbox 1884 3165 1924 3233; x_wconf 70' lang='lat' dir='ltr'>fit</span> 
     </span>
     <span class='ocr_line' id='line_1_29' title="bbox 397 3252 1923 3349; baseline 0.001 -26"><span class='ocrx_word' id='word_1_288' title='bbox 397 3317 399 3323; x_wconf 85' lang='lat'>.</span> <span class='ocrx_word' id='word_1_289' title='bbox 511 3262 586 3329; x_wconf 90' lang='lat' dir='ltr'>hinc</span> <span class='ocrx_word' id='word_1_290' title='bbox 610 3257 727 3330; x_wconf 86' lang='lat' dir='ltr'>sensus:</span> <span class='ocrx_word' id='word_1_291' title='bbox 752 3263 784 3332; x_wconf 82' lang='lat' dir='ltr'>Si</span> <span class='ocrx_word' id='word_1_292' title='bbox 801 3260 924 3328; x_wconf 71' lang='lat' dir='ltr'>anceio</span> <span class='ocrx_word' id='word_1_293' title='bbox 946 3252 1109 3327; x_wconf 87' lang='lat' dir='ltr'>cerebrum</span> <span class='ocrx_word' id='word_1_294' title='bbox 1129 3259 1286 3349; x_wconf 88' lang='lat' dir='ltr'>attingat.</span> <span class='ocrx_word' id='word_1_295' title='bbox 1313 3259 1351 3323; x_wconf 88' lang='grc' dir='ltr'>Ιιι</span> <span class='ocrx_word' id='word_1_296' title='bbox 1368 3259 1484 3326; x_wconf 78' lang='lat' dir='ltr'>latino</span> <span class='ocrx_word' id='word_1_297' title='bbox 1502 3279 1578 3328; x_wconf 89' lang='lat' dir='ltr'>vero</span> <span class='ocrx_word' id='word_1_298' title='bbox 1600 3260 1744 3349; x_wconf 78' lang='lat' dir='ltr'>jungitur</span> <span class='ocrx_word' id='word_1_299' title='bbox 1759 3280 1824 3325; x_wconf 87' lang='lat' dir='ltr'>vox</span> <span class='ocrx_word' id='word_1_300' title='bbox 1855 3256 1923 3324; x_wconf 69' lang='lat' dir='ltr'>aas.</span> 
     </span>
     <span class='ocr_line' id='line_1_30' title="bbox 379 3340 1933 3452; baseline -0.003 -19"><span class='ocrx_word' id='word_1_301' title='bbox 379 3340 393 3367; x_wconf 69' lang='grc'><strong><em>’</em></strong></span> <span class='ocrx_word' id='word_1_302' title='bbox 513 3366 567 3433; x_wconf 61' lang='lat' dir='ltr'>&amp;it</span> <span class='ocrx_word' id='word_1_303' title='bbox 590 3383 664 3430; x_wconf 90' lang='lat' dir='ltr'>cum</span> <span class='ocrx_word' id='word_1_304' title='bbox 696 3354 796 3433; x_wconf 86' lang='lat' dir='ltr'>verbo</span> <span class='ocrx_word' id='word_1_305' title='bbox 817 3351 1001 3436; x_wconf 61' lang='lat' dir='ltr'>durisimo,</span> <span class='ocrx_word' id='word_1_306' title='bbox 1032 3375 1072 3426; x_wconf 92' lang='lat' dir='ltr'>ut</span> <span class='ocrx_word' id='word_1_307' title='bbox 1100 3356 1137 3425; x_wconf 89' lang='lat' dir='ltr'>sit</span> <span class='ocrx_word' id='word_1_308' title='bbox 1161 3354 1213 3424; x_wconf 89' lang='lat' dir='ltr'>hic</span> <span class='ocrx_word' id='word_1_309' title='bbox 1230 3349 1331 3424; x_wconf 75' lang='lat' dir='ltr'>stnsus</span> <span class='ocrx_word' id='word_1_310' title='bbox 1348 3402 1369 3436; x_wconf 69' lang='lat'><em>„</em></span> <span class='ocrx_word' id='word_1_311' title='bbox 1382 3354 1507 3434; x_wconf 68' lang='lat' dir='ltr'>,asseclio</span> <span class='ocrx_word' id='word_1_312' title='bbox 1531 3356 1571 3424; x_wconf 83' lang='lat' dir='ltr'>ad</span> <span class='ocrx_word' id='word_1_313' title='bbox 1595 3374 1701 3431; x_wconf 88' lang='lat' dir='ltr'>totum</span> <span class='ocrx_word' id='word_1_314' title='bbox 1723 3378 1838 3452; x_wconf 86' lang='lat' dir='ltr'>eorpus</span> <span class='ocrx_word' id='word_1_315' title='bbox 1865 3381 1933 3428; x_wconf 86' lang='lat' dir='ltr'>eii--</span> 
     </span>
     <span class='ocr_line' id='line_1_31' title="bbox 512 3449 1930 3549; baseline 0 -22"><span class='ocrx_word' id='word_1_316' title='bbox 512 3460 670 3536; x_wconf 86' lang='lat' dir='ltr'>tenditur.</span> <span class='ocrx_word' id='word_1_317' title='bbox 699 3460 774 3528; x_wconf 87' lang='lat' dir='ltr'>Vidi</span> <span class='ocrx_word' id='word_1_318' title='bbox 793 3465 938 3545; x_wconf 79' lang='lat' dir='ltr'>juvenem</span> <span class='ocrx_word' id='word_1_319' title='bbox 963 3479 1121 3526; x_wconf 84' lang='lat' dir='ltr'>annorum</span> <span class='ocrx_word' id='word_1_320' title='bbox 1137 3459 1316 3549; x_wconf 82' lang='lat' dir='ltr'>vigentium</span> <span class='ocrx_word' id='word_1_321' title='bbox 1334 3449 1475 3537; x_wconf 75' lang='lat' dir='ltr'>saucium</span> <span class='ocrx_word' id='word_1_322' title='bbox 1491 3454 1586 3523; x_wconf 90' lang='lat' dir='ltr'>oculo</span> <span class='ocrx_word' id='word_1_323' title='bbox 1609 3454 1721 3524; x_wconf 83' lang='lat' dir='ltr'>dextro</span> <span class='ocrx_word' id='word_1_324' title='bbox 1745 3451 1848 3526; x_wconf 65' lang='lat' dir='ltr'>srasla</span> <span class='ocrx_word' id='word_1_325' title='bbox 1865 3482 1930 3528; x_wconf 89' lang='lat' dir='ltr'>or-·</span> 
     </span>
     <span class='ocr_line' id='line_1_32' title="bbox 458 3542 1920 3656; baseline 0.001 -33"><span class='ocrx_word' id='word_1_326' title='bbox 458 3542 469 3554; x_wconf 68' lang='grc'><em>”</em></span> <span class='ocrx_word' id='word_1_327' title='bbox 511 3550 579 3626; x_wconf 87' lang='lat' dir='ltr'>bita</span> <span class='ocrx_word' id='word_1_328' title='bbox 603 3582 622 3627; x_wconf 89' lang='lat' dir='ltr'>a</span> <span class='ocrx_word' id='word_1_329' title='bbox 649 3563 753 3656; x_wconf 90' lang='lat' dir='ltr'>primo</span> <span class='ocrx_word' id='word_1_330' title='bbox 781 3558 886 3626; x_wconf 85' lang='lat' dir='ltr'>statim</span> <span class='ocrx_word' id='word_1_331' title='bbox 905 3557 955 3625; x_wconf 90' lang='lat' dir='ltr'>die</span> <span class='ocrx_word' id='word_1_332' title='bbox 988 3552 1114 3634; x_wconf 75' lang='grc' dir='ltr'>ἅφωιοι,</span> <span class='ocrx_word' id='word_1_333' title='bbox 1146 3548 1335 3627; x_wconf 87' lang='lat' dir='ltr'>convulsum</span> <span class='ocrx_word' id='word_1_334' title='bbox 1366 3556 1477 3624; x_wconf 88' lang='lat' dir='ltr'>dextro</span> <span class='ocrx_word' id='word_1_335' title='bbox 1511 3549 1668 3632; x_wconf 89' lang='lat' dir='ltr'>brachio,</span> <span class='ocrx_word' id='word_1_336' title='bbox 1701 3558 1738 3623; x_wconf 78' lang='grc' dir='ltr'>δι</span> <span class='ocrx_word' id='word_1_337' title='bbox 1761 3550 1920 3637; x_wconf 78' lang='lat' dir='ltr'>semote,</span> 
     </span>
     <span class='ocr_line' id='line_1_33' title="bbox 507 3649 1919 3749; baseline 0.002 -28"><span class='ocrx_word' id='word_1_338' title='bbox 507 3649 651 3724; x_wconf 85' lang='lat' dir='ltr'>resolutis</span> <span class='ocrx_word' id='word_1_339' title='bbox 674 3655 797 3738; x_wconf 76' lang='lat' dir='ltr'>sinistro</span> <span class='ocrx_word' id='word_1_340' title='bbox 823 3652 955 3724; x_wconf 89' lang='lat' dir='ltr'>brachio</span> <span class='ocrx_word' id='word_1_341' title='bbox 988 3658 1023 3722; x_wconf 74' lang='grc' dir='ltr'>δι</span> <span class='ocrx_word' id='word_1_342' title='bbox 1048 3650 1165 3722; x_wconf 85' lang='lat' dir='ltr'>semote</span> <span class='ocrx_word' id='word_1_343' title='bbox 1197 3676 1253 3749; x_wconf 89' lang='lat' dir='ltr'>per</span> <span class='ocrx_word' id='word_1_344' title='bbox 1276 3655 1420 3723; x_wconf 80' lang='lat' dir='ltr'>undecim</span> <span class='ocrx_word' id='word_1_345' title='bbox 1447 3653 1546 3731; x_wconf 84' lang='lat' dir='ltr'>dits,</span> <span class='ocrx_word' id='word_1_346' title='bbox 1579 3652 1704 3721; x_wconf 88' lang='lat' dir='ltr'>tandein</span> <span class='ocrx_word' id='word_1_347' title='bbox 1729 3654 1875 3723; x_wconf 77' lang='lat' dir='ltr'>interiise</span> <span class='ocrx_word' id='word_1_348' title='bbox 1908 3704 1919 3724; x_wconf 95' lang='lat'>.</span> 
     </span>
     <span class='ocr_line' id='line_1_34' title="bbox 507 3746 1920 3851; baseline 0 -28"><span class='ocrx_word' id='word_1_349' title='bbox 507 3750 645 3835; x_wconf 62' lang='lat' dir='ltr'>Dissedo</span> <span class='ocrx_word' id='word_1_350' title='bbox 676 3758 775 3851; x_wconf 90' lang='lat' dir='ltr'>capite</span> <span class='ocrx_word' id='word_1_351' title='bbox 798 3746 960 3822; x_wconf 86' lang='lat' dir='ltr'>cerebrum</span> <span class='ocrx_word' id='word_1_352' title='bbox 986 3754 1133 3821; x_wconf 86' lang='lat' dir='ltr'>dextrum</span> <span class='ocrx_word' id='word_1_353' title='bbox 1158 3769 1264 3820; x_wconf 88' lang='lat' dir='ltr'>totum</span> <span class='ocrx_word' id='word_1_354' title='bbox 1296 3748 1358 3820; x_wconf 85' lang='lat' dir='ltr'>fuit</span> <span class='ocrx_word' id='word_1_355' title='bbox 1388 3752 1635 3848; x_wconf 85' lang='lat' dir='ltr'>purulentum,</span> <span class='ocrx_word' id='word_1_356' title='bbox 1666 3747 1822 3820; x_wconf 83' lang='lat' dir='ltr'>sinistrum</span> <span class='ocrx_word' id='word_1_357' title='bbox 1853 3754 1920 3851; x_wconf 90' lang='lat' dir='ltr'>ple-</span> 
     </span>
     <span class='ocr_line' id='line_1_35' title="bbox 505 3848 1926 3951; baseline -0.004 -29"><span class='ocrx_word' id='word_1_358' title='bbox 505 3875 618 3933; x_wconf 84' lang='lat' dir='ltr'>num,</span> <span class='ocrx_word' id='word_1_359' title='bbox 642 3848 740 3925; x_wconf 84' lang='lat' dir='ltr'>setosa</span> <span class='ocrx_word' id='word_1_360' title='bbox 762 3855 894 3951; x_wconf 89' lang='lat' dir='ltr'>pituita.</span> <span class='ocrx_word' id='word_1_361' title='bbox 929 3852 1033 3942; x_wconf 76' lang='lat' dir='ltr'>Cujus</span> <span class='ocrx_word' id='word_1_362' title='bbox 1049 3850 1180 3945; x_wconf 84' lang='lat' dir='ltr'>quidem</span> <span class='ocrx_word' id='word_1_363' title='bbox 1204 3856 1249 3919; x_wconf 90' lang='lat' dir='ltr'>rei</span> <span class='ocrx_word' id='word_1_364' title='bbox 1281 3859 1435 3921; x_wconf 88' lang='lat' dir='ltr'>rationem</span> <span class='ocrx_word' id='word_1_365' title='bbox 1459 3850 1586 3919; x_wconf 88' lang='lat' dir='ltr'>reddere</span> <span class='ocrx_word' id='word_1_366' title='bbox 1609 3850 1739 3932; x_wconf 88' lang='lat' dir='ltr'>videtur</span> <span class='ocrx_word' id='word_1_367' title='bbox 1774 3852 1926 3923; x_wconf 76' lang='lat' dir='ltr'>Galenus.</span> 
     </span>
     <span class='ocr_line' id='line_1_36' title="bbox 503 3943 1918 4054; baseline -0.003 -26"><span class='ocrx_word' id='word_1_368' title='bbox 503 3955 745 4028; x_wconf 88' lang='lat' dir='ltr'>Commentario</span> <span class='ocrx_word' id='word_1_369' title='bbox 765 3954 806 4024; x_wconf 91' lang='lat' dir='ltr'>ad</span> <span class='ocrx_word' id='word_1_370' title='bbox 828 3954 938 4054; x_wconf 87' lang='lat' dir='ltr'>partic.</span> <span class='ocrx_word' id='word_1_371' title='bbox 969 3971 1021 4018; x_wconf 90' lang='grc' dir='ltr'>ιι.</span> <span class='ocrx_word' id='word_1_372' title='bbox 1049 3944 1108 4019; x_wconf 90' lang='lat' dir='ltr'>lib.</span> <span class='ocrx_word' id='word_1_373' title='bbox 1145 3971 1173 4017; x_wconf 90' lang='lat' dir='ltr'>i.</span> <span class='ocrx_word' id='word_1_374' title='bbox 1206 3950 1334 4038; x_wconf 83' lang='lat' dir='ltr'>Pmrrlr.</span> <span class='ocrx_word' id='word_1_375' title='bbox 1371 3951 1421 4021; x_wconf 91' lang='lat' dir='ltr'>Ut</span> <span class='ocrx_word' id='word_1_376' title='bbox 1449 3954 1483 4020; x_wconf 91' lang='lat' dir='ltr'>iii</span> <span class='ocrx_word' id='word_1_377' title='bbox 1509 3952 1643 4038; x_wconf 69' lang='lat' dir='ltr'>eisternis</span> <span class='ocrx_word' id='word_1_378' title='bbox 1666 3943 1813 4046; x_wconf 82' lang='lat' dir='ltr'>partibus</span> <span class='ocrx_word' id='word_1_379' title='bbox 1844 3945 1918 4023; x_wconf 63' lang='lat' dir='ltr'>aifess</span> 
     </span>
     <span class='ocr_line' id='line_1_37' title="bbox 504 4047 1917 4152; baseline -0.004 -31"><span class='ocrx_word' id='word_1_380' title='bbox 504 4052 623 4122; x_wconf 68' lang='lat' dir='ltr'>stiones</span> <span class='ocrx_word' id='word_1_381' title='bbox 653 4060 837 4152; x_wconf 82' lang='lat' dir='ltr'>incipiunt,</span> <span class='ocrx_word' id='word_1_382' title='bbox 871 4058 906 4123; x_wconf 75' lang='grc' dir='ltr'>δι</span> <span class='ocrx_word' id='word_1_383' title='bbox 936 4076 1001 4121; x_wconf 92' lang='lat' dir='ltr'>non</span> <span class='ocrx_word' id='word_1_384' title='bbox 1032 4069 1107 4120; x_wconf 84' lang='lat' dir='ltr'>totae</span> <span class='ocrx_word' id='word_1_385' title='bbox 1130 4049 1182 4123; x_wconf 90' lang='lat' dir='ltr'>vel</span> <span class='ocrx_word' id='word_1_386' title='bbox 1206 4049 1477 4128; x_wconf 82' lang='lat' dir='ltr'>inflammantur,</span> <span class='ocrx_word' id='word_1_387' title='bbox 1503 4047 1554 4120; x_wconf 90' lang='lat' dir='ltr'>vel</span> <span class='ocrx_word' id='word_1_388' title='bbox 1585 4050 1770 4118; x_wconf 82' lang='lat' dir='ltr'>intumentr</span> <span class='ocrx_word' id='word_1_389' title='bbox 1794 4053 1841 4116; x_wconf 81' lang='lat' dir='ltr'>ita</span> <span class='ocrx_word' id='word_1_390' title='bbox 1865 4072 1917 4126; x_wconf 77' lang='lat' dir='ltr'>ee-</span> 
     </span>
     <span class='ocr_line' id='line_1_38' title="bbox 448 4141 1918 4246; baseline 0.001 -31"><span class='ocrx_word' id='word_1_391' title='bbox 448 4151 450 4155; x_wconf 83' lang='grc'><strong>’</strong></span> <span class='ocrx_word' id='word_1_392' title='bbox 502 4146 631 4218; x_wconf 84' lang='lat' dir='ltr'>rebium</span> <span class='ocrx_word' id='word_1_393' title='bbox 665 4175 771 4246; x_wconf 91' lang='lat' dir='ltr'>quum</span> <span class='ocrx_word' id='word_1_394' title='bbox 793 4154 945 4244; x_wconf 81' lang='lat' dir='ltr'>insignem</span> <span class='ocrx_word' id='word_1_395' title='bbox 976 4149 1228 4239; x_wconf 83' lang='lat' dir='ltr'>magnitudinem</span> <span class='ocrx_word' id='word_1_396' title='bbox 1262 4142 1406 4226; x_wconf 81' lang='lat' dir='ltr'>habeat,</span> <span class='ocrx_word' id='word_1_397' title='bbox 1432 4141 1612 4243; x_wconf 84' lang='lat' dir='ltr'>multasque</span> <span class='ocrx_word' id='word_1_398' title='bbox 1642 4168 1814 4216; x_wconf 84' lang='lat' dir='ltr'>nervorum</span> <span class='ocrx_word' id='word_1_399' title='bbox 1836 4171 1918 4244; x_wconf 85' lang='lat' dir='ltr'>pro-</span> 
     </span>
     <span class='ocr_line' id='line_1_39' title="bbox 500 4240 1916 4344; baseline 0.001 -31"><span class='ocrx_word' id='word_1_400' title='bbox 500 4249 628 4340; x_wconf 80' lang='lat' dir='ltr'>pagines</span> <span class='ocrx_word' id='word_1_401' title='bbox 643 4294 671 4326; x_wconf 72' lang='lat'><em>„</em></span> <span class='ocrx_word' id='word_1_402' title='bbox 691 4249 912 4344; x_wconf 85' lang='lat' dir='ltr'>phlegmoiiem</span> <span class='ocrx_word' id='word_1_403' title='bbox 942 4251 1009 4331; x_wconf 81' lang='lat' dir='ltr'>ejus</span> <span class='ocrx_word' id='word_1_404' title='bbox 1033 4247 1107 4313; x_wconf 84' lang='lat' dir='ltr'>alias</span> <span class='ocrx_word' id='word_1_405' title='bbox 1130 4240 1172 4313; x_wconf 84' lang='lat' dir='ltr'>ab</span> <span class='ocrx_word' id='word_1_406' title='bbox 1192 4246 1262 4314; x_wconf 82' lang='lat' dir='ltr'>aliis</span> <span class='ocrx_word' id='word_1_407' title='bbox 1293 4250 1433 4343; x_wconf 60' lang='lat' dir='ltr'>incipere*</span> <span class='ocrx_word' id='word_1_408' title='bbox 1450 4265 1601 4343; x_wconf 88' lang='lat' dir='ltr'>oportet.</span> <span class='ocrx_word' id='word_1_409' title='bbox 1636 4247 1715 4340; x_wconf 65' lang='lat' dir='ltr'>Qa</span> <span class='ocrx_word' id='word_1_410' title='bbox 1738 4268 1818 4318; x_wconf 84' lang='lat' dir='ltr'>vero</span> <span class='ocrx_word' id='word_1_411' title='bbox 1841 4269 1916 4342; x_wconf 85' lang='lat' dir='ltr'>par-</span> 
     </span>
     <span class='ocr_line' id='line_1_40' title="bbox 500 4341 1926 4463; baseline 0.004 -52"><span class='ocrx_word' id='word_1_412' title='bbox 500 4358 532 4411; x_wconf 88' lang='lat' dir='ltr'>te</span> <span class='ocrx_word' id='word_1_413' title='bbox 560 4344 710 4413; x_wconf 69' lang='lat' dir='ltr'>odedum</span> <span class='ocrx_word' id='word_1_414' title='bbox 730 4341 824 4411; x_wconf 83' lang='lat' dir='ltr'>fuerit</span> <span class='ocrx_word' id='word_1_415' title='bbox 847 4389 859 4419; x_wconf 90' lang='lat'>,</span> <span class='ocrx_word' id='word_1_416' title='bbox 883 4349 918 4411; x_wconf 77' lang='grc' dir='ltr'>δι</span> <span class='ocrx_word' id='word_1_417' title='bbox 944 4362 1116 4411; x_wconf 87' lang='lat' dir='ltr'>nervorum</span> <span class='ocrx_word' id='word_1_418' title='bbox 1142 4347 1328 4437; x_wconf 81' lang='lat' dir='ltr'>propagines</span> <span class='ocrx_word' id='word_1_419' title='bbox 1353 4343 1438 4463; x_wconf 58' lang='lat' dir='ltr'>afficp</span> <span class='ocrx_word' id='word_1_420' title='bbox 1455 4348 1627 4417; x_wconf 85' lang='lat' dir='ltr'>convenit.</span> <span class='ocrx_word' id='word_1_421' title='bbox 1649 4345 1752 4414; x_wconf 86' lang='lat' dir='ltr'>Porro</span> <span class='ocrx_word' id='word_1_422' title='bbox 1774 4344 1926 4424; x_wconf 76' lang='lat' dir='ltr'>Galerius·</span> 
     </span>
     <span class='ocr_line' id='line_1_41' title="bbox 355 4426 1914 4553; baseline 0.004 -43"><span class='ocrx_word' id='word_1_423' title='bbox 355 4426 428 4531; x_wconf 51' lang='grc' dir='ltr'>’Βέ-</span> <span class='ocrx_word' id='word_1_424' title='bbox 500 4440 572 4510; x_wconf 88' lang='lat' dir='ltr'>loco</span> <span class='ocrx_word' id='word_1_425' title='bbox 591 4438 686 4540; x_wconf 79' lang='lat' dir='ltr'>supra</span> <span class='ocrx_word' id='word_1_426' title='bbox 708 4457 958 4522; x_wconf 82' lang='lat' dir='ltr'>commemorato</span> <span class='ocrx_word' id='word_1_427' title='bbox 972 4436 1074 4510; x_wconf 83' lang='lat' dir='ltr'>aderit</span> <span class='ocrx_word' id='word_1_428' title='bbox 1090 4437 1244 4508; x_wconf 81' lang='lat' dir='ltr'>necessum</span> <span class='ocrx_word' id='word_1_429' title='bbox 1259 4438 1317 4510; x_wconf 84' lang='lat' dir='ltr'>esse</span> <span class='ocrx_word' id='word_1_430' title='bbox 1335 4461 1373 4511; x_wconf 88' lang='lat' dir='ltr'>ut</span> <span class='ocrx_word' id='word_1_431' title='bbox 1389 4445 1550 4553; x_wconf 80' lang='lat' dir='ltr'>copvulsio</span> <span class='ocrx_word' id='word_1_432' title='bbox 1573 4446 1679 4543; x_wconf 89' lang='lat' dir='ltr'>primo</span> <span class='ocrx_word' id='word_1_433' title='bbox 1692 4461 1818 4541; x_wconf 80' lang='lat' dir='ltr'>partem</span> <span class='ocrx_word' id='word_1_434' title='bbox 1835 4448 1914 4516; x_wconf 82' lang='lat' dir='ltr'>affe·</span> 
     </span>
     <span class='ocr_line' id='line_1_42' title="bbox 341 4510 1912 4637; baseline -0.006 -15"><span class='ocrx_word' id='word_1_435' title='bbox 341 4510 480 4619; x_wconf 40' lang='lat' dir='ltr'>stium</span> <span class='ocrx_word' id='word_1_436' title='bbox 500 4539 588 4621; x_wconf 59' lang='lat' dir='ltr'>&amp;am</span> <span class='ocrx_word' id='word_1_437' title='bbox 606 4542 869 4637; x_wconf 72' lang='lat' dir='ltr'>oleranmque</span> <span class='ocrx_word' id='word_1_438' title='bbox 887 4538 1019 4611; x_wconf 80' lang='lat' dir='ltr'>afficiat.</span> <span class='ocrx_word' id='word_1_439' title='bbox 1038 4539 1160 4617; x_wconf 84' lang='lat' dir='ltr'>Deinde</span> <span class='ocrx_word' id='word_1_440' title='bbox 1178 4540 1426 4613; x_wconf 83' lang='lat' dir='ltr'>siinslammatio</span> <span class='ocrx_word' id='word_1_441' title='bbox 1435 4538 1602 4636; x_wconf 71' lang='lat' dir='ltr'>terebrum</span> <span class='ocrx_word' id='word_1_442' title='bbox 1616 4543 1777 4635; x_wconf 82' lang='lat' dir='ltr'>attigerit,</span> <span class='ocrx_word' id='word_1_443' title='bbox 1800 4566 1912 4637; x_wconf 84' lang='lat' dir='ltr'>quum</span> 
     </span>
     <span class='ocr_line' id='line_1_43' title="bbox 340 4620 1909 4741; baseline -0.001 -28"><span class='ocrx_word' id='word_1_444' title='bbox 340 4620 447 4687; x_wconf 60' lang='lat' dir='ltr'>prm</span> <span class='ocrx_word' id='word_1_445' title='bbox 502 4659 592 4735; x_wconf 68' lang='lat' dir='ltr'>eque</span> <span class='ocrx_word' id='word_1_446' title='bbox 614 4644 697 4724; x_wconf 81' lang='lat' dir='ltr'>vires</span> <span class='ocrx_word' id='word_1_447' title='bbox 720 4637 791 4724; x_wconf 71' lang='lat' dir='ltr'>suas</span> <span class='ocrx_word' id='word_1_448' title='bbox 807 4639 962 4716; x_wconf 55' lang='lat' dir='ltr'>&lt;infundat</span> <span class='ocrx_word' id='word_1_449' title='bbox 986 4643 1019 4710; x_wconf 90' lang='lat' dir='ltr'>in</span> <span class='ocrx_word' id='word_1_450' title='bbox 1043 4641 1167 4712; x_wconf 81' lang='lat' dir='ltr'>dextras</span> <span class='ocrx_word' id='word_1_451' title='bbox 1198 4645 1232 4713; x_wconf 90' lang='lat'>&amp;</span> <span class='ocrx_word' id='word_1_452' title='bbox 1248 4640 1397 4724; x_wconf 71' lang='lat' dir='ltr'>¹sinistras</span> <span class='ocrx_word' id='word_1_453' title='bbox 1420 4641 1523 4741; x_wconf 80' lang='lat' dir='ltr'>partes</span> <span class='ocrx_word' id='word_1_454' title='bbox 1545 4691 1558 4726; x_wconf 87' lang='lat'><em>,</em></span> <span class='ocrx_word' id='word_1_455' title='bbox 1580 4664 1647 4726; x_wconf 83' lang='lat' dir='ltr'>non</span> <span class='ocrx_word' id='word_1_456' title='bbox 1722 4647 1774 4710; x_wconf 87' lang='lat' dir='ltr'>ius</span> <span class='ocrx_word' id='word_1_457' title='bbox 1798 4641 1909 4714; x_wconf 86' lang='lat' dir='ltr'>dextra</span> 
     </span>
     <span class='ocr_line' id='line_1_44' title="bbox 440 4735 1908 4839; baseline -0.001 -27"><span class='ocrx_word' id='word_1_458' title='bbox 440 4738 451 4757; x_wconf 81' lang='lat'><em>⁰</em></span> <span class='ocrx_word' id='word_1_459' title='bbox 501 4749 604 4837; x_wconf 76' lang='lat' dir='ltr'>quatu</span> <span class='ocrx_word' id='word_1_460' title='bbox 620 4738 1049 4837; x_wconf 74' lang='lat' dir='ltr'>suiistreparsconvelliti&#39;ir.</span> <span class='ocrx_word' id='word_1_461' title='bbox 1074 4744 1111 4810; x_wconf 87' lang='lat' dir='ltr'>lii</span> <span class='ocrx_word' id='word_1_462' title='bbox 1129 4762 1200 4835; x_wconf 91' lang='lat' dir='ltr'>quo</span> <span class='ocrx_word' id='word_1_463' title='bbox 1223 4748 1329 4839; x_wconf 88' lang='lat' dir='ltr'>prima</span> <span class='ocrx_word' id='word_1_464' title='bbox 1352 4743 1434 4814; x_wconf 87' lang='lat' dir='ltr'>ratio</span> <span class='ocrx_word' id='word_1_465' title='bbox 1447 4735 1526 4830; x_wconf 67' lang='lat' dir='ltr'>jacet</span> <span class='ocrx_word' id='word_1_466' title='bbox 1550 4746 1586 4814; x_wconf 78' lang='grc' dir='ltr'>δι</span> <span class='ocrx_word' id='word_1_467' title='bbox 1610 4740 1633 4811; x_wconf 90' lang='lat' dir='ltr'>d</span> <span class='ocrx_word' id='word_1_468' title='bbox 1721 4747 1788 4823; x_wconf 80' lang='lat' dir='ltr'>‘titi</span> <span class='ocrx_word' id='word_1_469' title='bbox 1808 4786 1820 4816; x_wconf 67' lang='lat'><em>2</em></span> <span class='ocrx_word' id='word_1_470' title='bbox 1842 4763 1908 4836; x_wconf 87' lang='lat' dir='ltr'>qua</span> 
     </span>
     <span class='ocr_line' id='line_1_45' title="bbox 499 4833 1923 4939; baseline -0.01 -18"><span class='ocrx_word' id='word_1_471' title='bbox 499 4834 664 4921; x_wconf 75' lang='lat' dir='ltr'>dicebatur,</span> <span class='ocrx_word' id='word_1_472' title='bbox 679 4837 809 4918; x_wconf 67' lang='lat' dir='ltr'>convelli</span> <span class='ocrx_word' id='word_1_473' title='bbox 828 4862 948 4937; x_wconf 76' lang='lat' dir='ltr'>partem</span> <span class='ocrx_word' id='word_1_474' title='bbox 974 4834 1078 4911; x_wconf 88' lang='lat' dir='ltr'>sanam</span> <span class='ocrx_word' id='word_1_475' title='bbox 1097 4833 1144 4909; x_wconf 89' lang='lat' dir='ltr'>ob</span> <span class='ocrx_word' id='word_1_476' title='bbox 1163 4837 1412 4912; x_wconf 86' lang='lat' dir='ltr'>consumtioncm</span> <span class='ocrx_word' id='word_1_477' title='bbox 1430 4837 1557 4939; x_wconf 80' lang='lat' dir='ltr'>spiritus</span> <span class='ocrx_word' id='word_1_478' title='bbox 1580 4843 1617 4912; x_wconf 74' lang='grc' dir='ltr'>δι</span> <span class='ocrx_word' id='word_1_479' title='bbox 1642 4835 1695 4913; x_wconf 90' lang='lat' dir='ltr'>san</span> <span class='ocrx_word' id='word_1_480' title='bbox 1746 4842 1843 4911; x_wconf 89' lang='lat' dir='ltr'>inisvi</span> <span class='ocrx_word' id='word_1_481' title='bbox 1860 4846 1923 4907; x_wconf 85' lang='lat' dir='ltr'>in·-</span> 
     </span>
     <span class='ocr_line' id='line_1_46' title="bbox 499 4933 1907 5039; baseline 0 -25"><span class='ocrx_word' id='word_1_482' title='bbox 499 4940 724 5038; x_wconf 64' lang='lat' dir='ltr'>montionis</span> <span class='ocrx_word' id='word_1_483' title='bbox 746 4961 821 5033; x_wconf 84' lang='lat' dir='ltr'>quae</span> <span class='ocrx_word' id='word_1_484' title='bbox 839 4960 962 5039; x_wconf 75' lang='lat' dir='ltr'>partem</span> <span class='ocrx_word' id='word_1_485' title='bbox 979 4934 1080 5022; x_wconf 67' lang='lat' dir='ltr'>lesui</span> <span class='ocrx_word' id='word_1_486' title='bbox 1104 4933 1234 5014; x_wconf 73' lang='lat' dir='ltr'>assitit.</span> <span class='ocrx_word' id='word_1_487' title='bbox 1259 4942 1369 5036; x_wconf 74' lang='lat' dir='ltr'>Quare</span> <span class='ocrx_word' id='word_1_488' title='bbox 1384 4962 1461 5037; x_wconf 84' lang='lat' dir='ltr'>ergo</span> <span class='ocrx_word' id='word_1_489' title='bbox 1475 4965 1542 5014; x_wconf 89' lang='lat' dir='ltr'>non</span> <span class='ocrx_word' id='word_1_490' title='bbox 1560 4941 1706 5016; x_wconf 84' lang='lat' dir='ltr'>convelle</span> <span class='ocrx_word' id='word_1_491' title='bbox 1749 4939 1907 5035; x_wconf 76' lang='lat' dir='ltr'>turprius</span> 
     </span>
     <span class='ocr_line' id='line_1_47' title="bbox 1785 5055 1866 5136; baseline 0 -29"><span class='ocrx_word' id='word_1_492' title='bbox 1785 5055 1866 5136; x_wconf 61' lang='lat' dir='ltr'>pas&amp;</span> 
     </span>
    </p>
   </div>
   <div class='ocr_carea' id='block_1_3' title="bbox 0 0 2272 5850">
    <p class='ocr_par' dir='ltr' id='par_1_4' title="bbox 0 0 2272 5850">
     <span class='ocr_line' id='line_1_48' title="bbox 0 0 2272 5850; baseline 0 6"><span class='ocrx_word' id='word_1_493' title='bbox 0 0 2272 5850; x_wconf 95' lang='lat' dir='ltr'> </span> 
     </span>
    </p>
   </div>
  </div>
 </body>
</html>
