4534 5850
502 494 585 540 ¹2
811 453 1641 539 EPIDEMAORUM

513 603 736 680 sublunarium
761 610 797 675 δι
821 605 1014 676 caducarum
1034 607 1251 693 demmdent.
1285 598 1388 703 Quod
1413 600 1517 704 ipsum
1530 608 1673 703 prinum
1698 631 1827 684 movens
1860 608 1930 679 Ca-

510 710 650 776 lumaut
667 703 817 784 Natura,
840 707 1049 805 immoipstus
1072 727 1198 781 naturae
1218 706 1333 780 auctor
1349 710 1383 777 iic
1409 700 1610 777 Architceiur
1628 696 1673 771 ab
1697 714 1788 778 omni
1818 731 1932 806 corpo·

505 825 581 888 tuin
605 805 758 873 mixtione
781 805 913 875 loerettxr
927 806 1058 879 nullum
1071 810 1297 880 commercium
1312 816 1388 878 tum
1410 803 1460 874 his
1481 791 1681 876 inferioribus
1695 796 1812 875 habere
1825 810 1934 880 videa·

510 916 583 971 tur:
608 902 724 996 itaque
736 904 900 997 agoniae
924 926 1044 980 mutuo
1059 908 1200 1009 patieitdi
1222 908 1306 979 ratio
1329 906 1433 977 omnis
1454 900 1476 977 a
1497 900 1642 1001 quodam
1664 923 1835 1001 corporum
1859 908 1935 977 Ca-

505 996 630 1069 lcstium
649 999 777 1074 influxu
789 1002 852 1087 est,
876 999 1070 1102 abundeque
1093 1004 1217 1077 constat
1239 1000 1402 1101 quantum
1418 1004 1487 1075 hae
1509 1002 1620 1073 infima
1639 1022 1771 1099 corpora
1796 1005 1863 1074 vim
1884 1001 1938 1073 su-

404 1116 406 1122 ·
506 1099 669 1195 periorum
691 1107 921 1201 experiantur,
945 1128 1152 1201 quacumque
1176 1109 1298 1176 ratione
1323 1106 1354 1175 id
1381 1107 1455 1175 fiat:
1481 1104 1625 1175 Maxime
1649 1123 1727 1174 vero
1751 1099 1938 1195 quodqua-

342 1844 480 1925 iiipaiil.

341 1929 486 2066 iia‘g‘l
508 1994 570 2075 rire
592 1994 861 2084 actitati'ceiiones
893 2005 929 2067 δι
953 2005 1177 2081 alterationes,

341 2087 426 2165 quis,

350 2847 410 2911 xii.
436 2844 458 2904 d

349 2924 492 3000 mm„
518 2877 559 2953 ab
585 2887 779 2982 Hippocrate
802 2889 977 2970 dicuntur,
991 2915 1029 2962 ex
1052 2885 1269 2966 obsctv'atione
1289 2910 1362 2963 tum
1382 2888 1627 2985 antegressorum
1649 2887 1808 2989 tum'prae
1819 2892 1944 2962 nitran

350 3025 412 3075 m.

507 1199 610 1273 litaret
633 1202 785 1294 quaedam
811 1197 902 1283 sulit,
927 1228 964 1275 ae
988 1209 1169 1294 interiacent
1194 1200 1313 1302 quibus
1331 1208 1355 1273 is
1369 1206 1407 1273 sit
1419 1194 1585 1295 consensus
1598 1224 1635 1271 ae
1648 1200 1882 1294 conglutinatio
1899 1220 1941 1270 ut

508 1290 567 1368 sese
590 1300 726 1383 invicem
748 1304 922 1399 excipiant,
945 1302 1120 1399 aliaquc‘in
1143 1306 1205 1377 alia
1229 1320 1475 1378 convertantur:
1499 1304 1586 1399 Qa
1610 1294 1702 1370 causat
1726 1296 1770 1368 est
1793 1321 1853 1368 cur
1869 1322 1939 1367 eor-

507 1419 588 1495 pora
612 1394 718 1469 nostra
742 1405 820 1470 acris
843 1404 1032 1495 qualitatem
1045 1402 1136 1476 facile
1150 1409 1355 1513 experiantur
1380 1404 1441 1474 sive
1464 1406 1532 1494 ejus
1547 1400 1679 1470 abessam
1705 1401 1939 1468 mutationem.

507 1497 578 1566 Nec
594 1490 651 1564 abs
666 1521 699 1566 re
722 1499 848 1569 diuum
872 1499 916 1571 est
930 1526 996 1573 una
1021 1527 1097 1574 cum
1121 1499 1320 1603 temporibus
1345 1505 1465 1575 mutari
1489 1521 1662 1598 corporum
1693 1498 1938 1579 conditionem,

505 1596 590 1663 itaut
614 1596 719 1689 qualis
731 1594 779 1665 est
798 1619 868 1677 aer,
891 1600 967 1670 tales
987 1608 1021 1672 dt
1045 1595 1174 1699 spiritus
1197 1608 1232 1674 dr
1255 1604 1408 1674 humores
1429 1594 1593 1671 exsistant.
1619 1596 1809 1693 Qirietiam
1834 1622 1939 1691 quum

507 1690 696 1763 statuuntur
718 1689 761 1764 ab
785 1698 983 1797 Hippocrate
1014 1695 1204 1772 morborum
1237 1704 1418 1802 principius
1468 1699 1636 1775 lenitudo,
1668 1698 1715 1767 uis
1734 1691 1785 1766 seu
1818 1698 1938 1768 violen-

509 1810 606 1875 tum,
631 1799 666 1864 dt
689 1796 832 1880 eaelum,
857 1803 985 1872 nominc
1008 1801 1074 1872 eali
1098 1807 1203 1875 omnis
1217 1826 1325 1872 rerum
1350 1726 1532 1872 Caelciiium
1557 1801 1605 1867 vis
1627 1797 1814 1874 audienda,
1840 1799 1941 1865 immo

507 1910 618 1960 contra
641 1893 823 1970 multorum
847 1903 1029 1996 opinionem
1044 1902 1186 1975 Galmus
1202 1926 1267 1973 non
1291 1902 1356 1973 alio
1388 1890 1535 1969 refert-vi
1562 1891 1636 1961 &titi
1657 1942 1669 1975 2
1693 1917 1792 1990 quam
1818 1894 1859 1963 ad
1888 1917 1940 1968 W·

864 2082 867 2089 ι
1232 2020 1299 2069 uat
1310 2022 1375 2095 pro
1398 2016 1571 2097 qrpumm
1595 1991 1763 2093 Cffllestlum
1788 1994 1940 2092 accessu,

509 2080 716 2185 dilectioque,
741 2096 919 2191 positione,
944 2116 1001 2168 aut
1024 2099 1188 2187 interjectu
1206 2025 1333 2195 stascipir
1356 2142 1368 2175 ,
1392 2084 1471 2166 adeo
1488 2082 1621 2186 ”magna
1646 2091 1758 2164 clivis
1783 2115 1803 2161 a
1824 2084 1939 2192 superii

509 2191 607 2258 causis
628 2194 661 2259 in
686 2193 753 2262 haee
784 2193 933 2266 inferiora
953 2197 1115 2281 influens,
1147 2194 1434 2293 nngnaquc‚·adm
1458 2196 1537 2264 aens
1562 2215 1620 2263 nos
1654 2192 1905 2263 circumfluentis
1926 2237 1939 2275 a

509 2284 679 2387 spirimum
704 2295 863 2390 impetum
887 2292 986 2366 facere
1010 2310 1161 2368 natorum
1185 2297 1449 2378 britanorum,
1474 2296 1576 2364 immo
1601 2299 1637 2365 dc
1654 2295 1794 2391 partium
1825 2287 1938 2362 solida-

510 2411 585 2457 rum
609 2383 827 2466 consensus&
851 2391 1056 2497 conspiratio.
1082 2399 1186 2495 Qod
1199 2417 1308 2471 autem
1333 2399 1462 2496 partesi
1486 2389 1531 2465 sas
1557 2389 1670 2463 solidas
1699 2395 1837 2486 attingat
1859 2415 1937 2491 pra·

512 2506 660 2580 terquam
675 2492 766 2581 quod
783 2487 884 2564 sensus
899 2498 995 2564 iidem
1010 2495 1103 2574 satit,
1128 2496 1253 2566 dietum
1268 2500 1363 2565 eriam
1387 2493 1431 2562 est
1445 2421 1488 2562 ab
1513 2496 1650 2587 antiquo
1662 2512 1851 2590 preceptore
1868 2515 1938 2570 ,ec-

512 2581 606 2654 rcbro
631 2609 731 2658 acrem
757 2585 863 2686 ipsum
887 2595 972 2675 vim,
997 2599 1164 2689 vigorem,
1189 2617 1225 2663 ae
1250 2595 1453 2693 prudentiam
1477 2592 1632 2683 elargiri,
1657 2592 1746 2686 quod
1769 2591 1938 2661 evolutum

515 2684 588 2781 plus
612 2680 710 2756 habet
723 2691 840 2760 virium
856 2696 890 2759 dc
914 2697 1092 2773 momenti,
1116 2710 1218 2788 quam
1242 2693 1462 2790 implicatum.
1496 2694 1663 2779 Quoniam
1684 2702 1793 2759 autem
1817 2708 1945 2761 morem·

517 2788 730 2877 &ingenium
754 2783 960 2870 morborum,
985 2794 1143 2863 undeaut
1171 2792 1307 2869 triten,
1333 2811 1389 2862 aut
1420 2794 1564 2861 inueniet
1592 2781 1606 2856 i
1633 2785 1800 2869 ineuntis,
1854 2789 1942 2860 ailim

518 3002 704 3080 temporum
718 2982 1008 3088 facilerepetimus,
1033 2993 1129 3064 &ad
1154 3016 1299 3064 normam
1323 2990 1412 3062 istam
1438 2987 1664 3084 dignoscendi,
1695 2984 1944 3086 praesentiendi,

519 3085 620 3152 immo
652 3089 687 3154 &
712 3089 854 3158 medendi
870 3087 1032 3161 momenta
1054 3112 1245 3191 captamus,
1278 3092 1349 3160 idco
1374 3087 1520 3158 Medicus
1545 3088 1700 3180 inglorius
1722 3081 1844 3179 suaque
1869 3084 1945 3157 fun-

518 3182 623 3252 &ione
640 3207 756 3279 parum
769 3189 801 3256 di
826 3212 885 3258 nus
901 3191 1063 3271 videatur,
1088 3198 1147 3286 qui
1170 3193 1290 3262 horum
1303 3191 1458 3260 rationem
1471 3189 1576 3258 aiiimo
1599 3184 1780 3281 complexus
1795 3207 1862 3251 non
1879 3184 1947 3255 sue.

517 3284 575 3357 rite
600 3282 623 3348 st
645 3283 714 3352 ideo
737 3211 926 3357 morborum
951 3285 1115 3355 aaronem
1139 3289 1311 3361 aliimatur
1330 3288 1420 3383 quod
1439 3291 1460 3356 ii
1491 3281 1637 3385 superent
1662 3277 1768 3350 nostra
1788 3284 1948 3365 remedia,

518 3381 641 3450 tametsi
655 3404 692 3451 tii
707 3397 825 3462 arte'a'c
847 3388 987 3483 legitime
1001 3393 1134 3486 quesita
1158 3415 1195 3461 ac
1208 3386 1426 3460 administrata
1442 3388 1521 3466 suit,
1544 3385 1726 3457 nostrarum
1741 3378 1785 3453 est
1802 3387 1947 3477 partium

517 3503 556 3551 ex
572 3498 754 3577 temporum
768 3479 985 3557 observatione
998 3491 1164 3579 diligenter
1178 3508 1213 3555 at
1228 3487 1444 3581 pensiculatius
1469 3483 1627 3550 attendere
1641 3503 1682 3549 an
1706 3478 1763 3547 ista
1781 3478 1944 3545 nannieno

520 3584 645 3673 corpori
659 3601 701 3644 an
725 3578 801 3643 calo
814 3569 985 3642 tribuenda
1010 3589 1072 3650 rit,
1097 3584 1182 3641 ut-st
1207 3597 1272 3667 pra:
1294 3593 1353 3646 vr,
1378 3593 1414 3638 ac
1438 3579 1566 3662 ingenio
1597 3596 1698 3670 pravo
1730 3568 1833 3644 morbi

1909 3601 1946 3646 ro

520 3678 684 3762 contingat
699 3666 805 3750 obire,
829 3692 937 3737 omnes
962 3669 1218 3739 animadvertant
1242 3691 1306 3735 non
1331 3666 1519 3738 industriam
1534 3667 1678 3753 defuisse,
1703 3665 1754 3740 scd
1778 3598 1946 3747 advcraesitm

521 3787 674 3842 eventum
689 3771 771 3838 mori
787 3760 893 3837 morbi
913 3762 1122 3839 tribuendum
1147 3764 1219 3835 elie:
1244 3768 1359 3860 Itaque
1372 3772 1496 3861 antiqui
1511 3773 1545 3841 in
1568 3770 1628 3842 hac
1652 3790 1743 3870 parte
1757 3768 1946 3848 laborarunt

525 3872 679 3952 maxime,
703 3868 863 3965 &quoad
876 3873 941 3960 ejus
965 3873 1032 3941 ficri
1049 3872 1158 3970 pomit
1174 3887 1244 3938 eam
1270 3867 1413 3965 ptaeeiare
1437 3869 1630 3943 coluerunt.

576 3975 651 4043 Hoc
666 3971 943 4071 velutipraeludio
967 3977 1001 4043 δι
1027 3974 1341 4050 leviorisarmaturae
1360 3971 1538 4042 excursione
1560 3974 1612 4043 via
1635 3972 1806 4043 munienda
1827 3970 1872 4043 est
1903 3971 1946 4043 ad

524 4099 568 4178 po
592 4075 729 4145 niarium
751 4066 942 4144 morbomm
971 4075 1209 4175 explicationem
1217 4085 1323 4168 quam
1346 4069 1455 4142 nostro
1484 4089 1585 4158 marte
1606 4076 1885 4170 comparavimus,
1908 4087 1948 4142 ut

528 4100 620 4243 nobis
633 4176 667 4241 in
691 4176 850 4243 memoria
863 4169 1038 4245 subsidium
1058 4170 1231 4252 sufficeret,
1252 4177 1286 4244 in
1307 4193 1377 4270 quo
1401 4173 1477 4243 alias
1500 4173 1586 4258 nude
1601 4189 1785 4269 temporum
1810 4174 1891 4246 vices
1911 4192 1948 4240 ec

529 4278 609 4353 sires
622 4273 840 4371 explicamus,
874 4277 949 4347 alias
968 4282 1036 4346 rem
1054 4277 1204 4376 exemplis
1219 4272 1435 4353 illustramus,
1466 4273 1543 4356 alias
1567 4268 1674 4342 nostro
1698 4287 1800 4341 marre
1825 4267 1948 4364 aliquid

528 4381 678 4471 agimus,
703 4380 738 4446 δι
754 4374 844 4448 velut
860 4371 1145 4451 ¹amentatishaliis
1168 4370 1306 4471 digitum
1330 4366 1511 4455 metimus,
1528 4375 1571 4444 ·&
1594 4388 1738 4445 veterum
1759 4365 1947 4468 scriptomm

530 4478 756 4558 monimentis,
780 4473 992 4577 exemplisque
1003 4481 1173 4576 tamquam
1227 4472 1346 4548 roboris
1364 4498 1400 4546 ac
1421 4467 1606 4550 subsidiariis
1629 4474 1778 4547 utimur,
1811 4487 1852 4540 ut
1876 4467 1948 4539 inde

532 4582 573 4652 ad
592 4580 654 4650 Dei
674 4581 863 4653 immortalis
875 4582 1010 4678 gloriam
1035 4586 1069 4658 δι
1095 4502 1237 4682 Reipub.
1262 4572 1396 4683 salutem
1419 4577 1453 4652 id
1477 4594 1584 4648 totum
1608 4567 1780 4643 reseratur.
