4534 5850
530 473 532 475 ’
660 481 1430 591 ιιιςοιινιιιιιοιιιιυιιιι.”
1619 509 1686 576 „3

270 708 272 712 .
323 651 466 742 eosqui
492 643 571 743 petie
597 647 772 718 intereunt,
797 661 901 733 quum
925 627 1130 707 facultatibus
1147 638 1279 733 reliquis
1302 641 1450 732 integris,
1474 637 1579 710 vitalis
1606 644 1670 709 vim
1689 660 1746 736 pa·
1863 622 1869 631 ’

326 749 431 824 titur,
455 746 596 838 quoiam
614 745 744 810 horrore
758 735 976 836 perhorrendo
993 741 1029 807 ’δι
1040 735 1314 808 'vehementillimo
1331 738 1502 835 prehendi,
1526 741 1562 806 δι
1584 737 1741 833 irrepen-

327 862 362 910 te
381 846 525 911 interire.
547 846 587 911 Et
601 842 737 936 quidam
753 837 828 915 alii,
853 853 924 903 tum
938 828 1045 933 quum
1063 857 1149 902 mors
1164 836 1234 931 ipsis
1252 836 1348 904 haetet
1356 835 1555 932 praecordiis,
1575 829 1745 933 l‘eiptisvas

326 940 470 1019 lidiores,
495 933 809 1035 vegetioreseibique
822 938 1052 1031 appetentiores
1076 933 1273 1002 redduntur.
1302 937 1409 1002 lmmo
1422 937 1532 1003 omnia
1545 951 1648 1028 agunt
1664 958 1740 1027 quae

326 1041 363 1107 dc
385 1033 447 1108 sani
466 1042 541 1136 ipsi.
563 1041 600 1106 ld
614 1039 705 1132 quod
720 1037 852 1104 extremi
869 1034 1006 1100 Natura
1021 1051 1152 1101 conatus
1176 1033 1303 1126 signum
1326 1029 1394 1100 est.
1429 1035 1570 1103 Maxime
1597 1056 1674 1106 vero
1707 1033 1742 1101 id

326 1139 364 1206 fit
383 1160 487 1231 quum
504 1160 576 1234 pars
590 1141 735 1234 princeps
751 1126 896 1209 laborat,
919 1123 1082 1227 superstite
1099 1132 1236 1201 aliarum
1254 1122 1392 1229 portium
1412 1124 1541 1199 &sensu
1560 1136 1594 1202 δι
1613 1135 1745 1226 integri-

325 1252 410 1304 tate.
441 1236 477 1305 ld
493 1258 603 1306 autem
618 1257 685 1304 non
701 1234 735 1299 in
757 1225 909 1298 omnibus
933 1234 1090 1309 cernitur,
1123 1254 1229 1324 quum
1262 1230 1398 1323 quidam
1424 1220 1532 1297 stnsrm
1551 1231 1704 1299 intereant
1729 1275 1743 1308 ,

330 1334 384 1403 alii
410 1358 475 1402 non
501 1334 557 1402 nist
581 1338 617 1402 vi
650 1329 826 1424 quadam,
854 1333 888 1398 δι
915 1350 989 1400 eum
1011 1333 1167 1398 acerrimae
1193 1334 1323 1403 virtutis
1354 1325 1512 1396 residentis
1540 1328 1742 1422 fignificatio-
1888 1407 1895 1424 ·

322 1454 362 1502 ne
383 1480 391 1497 .
411 1432 450 1497 ld
466 1430 556 1527 qood
574 1425 733 1501 Aristotel.
753 1427 946 1525 explicavit.
968 1423 1106 1500 Levibus
1123 1422 1244 1496 morbis
1262 1431 1295 1496 in
1305 1422 1461 1496 senectute
1471 1420 1666 1496 obortiscito
1692 1432 1695 1437 ’
1715 1430 1742 1496 l·
1766 1408 1856 1551 fl'stn·
1870 1408 1907 1471 ¹⁸·

323 1574 347 1609 ‚,
371 1532 491 1598 mantia
511 1531 714 1599 moriuntur.
741 1527 832 1596 Nam
846 1529 927 1620 quia
944 1546 1016 1595 turn
1033 1529 1267 1620 exiguusmlor
1294 1525 1356 1606 est,
1391 1548 1496 1620 quum
1524 1529 1559 1594 in
1585 1528 1698 1597 diutur
1787 1517 1801 1553 ‘
1855 1512 1897 1553 ''

321 1674 344 1705 ‚,
369 1631 435 1695 vita
450 1628 626 1726 plurimum
650 1628 688 1696 fit
704 1623 895 1703 exhaustur,
912 1618 1127 1720 quacumque
1149 1633 1248 1726 portis
1261 1621 1658 1718 'eontentioarlhibeamn
1695 1626 1746 1697 ce-

321 1769 345 1805 „
368 1724 474 1796 leriter
488 1729 709 1820 extinguitur,
728 1743 766 1793 ut
788 1725 977 1794 strenuis&
998 1726 1123 1793 modica
1139 1729 1172 1794 in
1193 1747 1232 1796 eo
1258 1725 1391 1795 flamma
1415 1724 1520 1793 inellet
1539 1749 1612 1819 quae
1636 1748 1742 1822 parvo

322 1868 346 1902 „
370 1821 511 1923 impulsu
533 1824 796 1920 restingueretur:
819 1816 865 1891 ob
888 1846 1019 1917 eamque
1040 1818 1168 1893 caul'am
1186 1825 1249 1894 stne
1267 1824 1376 1892 dolore
1392 1820 1435 1890 est
1449 1845 1485 1892 ea
1506 1844 1592 1891 mors
1612 1846 1685 1917 quae
1710 1828 1743 1893 in

295 1935 345 1999 '.,‚
370 1917 526 1994 senestute
542 1919 685 2022 obrepit.
711 1927 803 1994 Senes
816 1926 901 1990 enim
920 1925 1105 1991 moriuntur
1127 1925 1190 1993 sine
1223 1927 1338 2010 majore
1362 1915 1521 2020 impulsu,
1551 1943 1607 1991 nec
1639 1926 1741 1992 animi

320 2065 346 2099 ‚,
368 2020 622 2102 dissolutionem,
646 2041 747 2118 arque
762 2016 924 2089 discessum
944 2044 963 2090 a
981 2040 1114 2118 oorpore
1125 2070 1128 2074 -
1141 2018 1293 2112 sentiunt.
1512 2028 1525 2115 J

318 2172 321 2183 .
370 2121 471 2191 Nunc
491 2123 573 2193 duas
580 2123 649 2192 illas
664 2119 860 2210 conjestmas
876 2120 1119 2218 expendamus,
1130 2125 1267 2221 priorem
1276 2122 1315 2190 de
1324 2115 1487 2190 leomion'e
1501 2114 1746 2217 &separatione

319 2219 385 2306 ejus
402 2221 491 2313 quod
506 2224 619 2298 vivit,
640 2217 740 2291 abeo
763 2221 855 2313 quod
879 2216 1089 2314 elanguescit,
1109 2216 1238 2292 tabescit
1260 2245 1296 2291 ac
1321 2223 1496 2289 emoritur.
1521 2217 1750 2300 Posteriorem,

318 2315 359 2384 de
373 2308 471 2412 specie
488 2321 632 2413 quadam
650 2313 761 2394 πάσεις
780 2368 788 2384 .
826 2317 883 2387 iste
901 2315 985 2387 e'nrm
1003 2320 1137 2390 ultimus
1165 2340 1286 2390 naturae
1311 2330 1443 2387 conatus
1462 2324 1497 2386 in
1517 2317 1742 2396 convulfione,

318 2407 467 2510 presente
482 2419 637 2512 languore
652 2429 690 2489 'ac
708 2418 840 2515 paralysi
859 2425 957 2512 partis
973 2414 1079 2498 laesae,
1103 2412 1214 2493 reseret
1233 2417 1367 2488 :emulus
1382 2415 1447 2486 est.
1473 2417 1574 2487 Nunc
1592 2415 1632 2485 de
1640 2419 1746 2514 priore

319 2533 422 2606 quam
439 2535 545 2586 tamen
562 2517 673 2615 paullo
691 2537 766 2586 ante
782 2514 1038 2611 degustavimus.
1067 2521 1137 2616 Hip
1198 2537 1278 2587 rates
1293 2512 1455 2614 disputans
1483 2515 1522 2583 de
1550 2507 1657 2584 secessu
1673 2511 1745 2582 ollii
1770 2567 1823 2629 m
1865 2567 1904 2632 ἡ,

318 2609 380 2682 laefi
396 2618 432 2685 dc
451 2610 598 2710 stuallidi
614 2609 658 2683 ab
676 2615 738 2682 olle
753 2616 829 2687 vivo
849 2639 885 2681 ac
905 2617 1039 2682 humido
1054 2619 1100 2684 ita
1115 2542 1256 2710 (didita
1283 2616 1334 2682 Os
1361 2615 1449 2708 quod
1475 2608 1626 2683 discedere
1649 2606 1743 2682 debet
1769 2614 1873 2712 “pm

319 2731 343 2786 ,ι
368 2727 445 2777 tone
467 2709 595 2778 discedit
627 2728 734 2802 quum
764 2713 946 2804 plurimum
964 2706 1122 2808 exsangue
1142 2710 1265 2783 fastum
1284 2703 1355 2782 eli.
1380 2713 1562 2787 Relieeatur
1577 2715 1662 2782 enim
1678 2708 1747 2807 lan-
1767 2699 1899 2813 αμφὶ·

317 2838 353 2888 ,‚·
364 2812 437 2898 guis
456 2828 489 2874 tn
499 2806 559 2876 olle
577 2811 765 2901 &tempore
781 2808 817 2874 'de
831 2806 1082 2874 medicamentis.
1111 2815 1152 2876 Et
1168 2814 1261 2900 quod
1276 2808 1520 2910 quamprimum
1528 2815 1671 2907 exaruit,
1696 2808 1747 2911 ip'-

321 2947 346 2987 „
370 2896 442 2975 sum
466 2900 628 2977 dlsettlerit
647 2900 821 2997 a··r'eliquo
837 2900 898 2971 olle
921 2905 996 2974 vitm
1013 2909 1049 2973 δι
1075 2900 1255 2995 satrrguinem
1276 2904 1435 2987 habente,
1458 2913 1492 2979 id
1509 2911 1630 2982 constat
1646 2896 1744 2989 ,ded
1769 2956 1821 3016 Hb
1870 2957 1906 3016 ἡ

316 3003 407 3073 Idem
432 3007 545 3076 &alio
565 3006 637 3073 loco
661 3022 701 3073 ut
725 3022 798 3073 ante
816 3002 980 3071 diximus.
1016 3000 1069 3071 Est
1086 3006 1171 3071 enirn
1190 2997 1334 3072 credibile
1359 3005 1506 3073 srmrnes
1534 3003 1606 3076 sunt
1630 3005 1719 3074 inuri
1732 3058 1745 3092 ,
1768 2997 1873 3099 locris»

319 3101 415 3184 idest,
438 3106 606 3175 attrahunt
623 3100 810 3173 familiarem
836 3119 957 3170 naturae
970 3096 1033 3172 suae
1054 3095 1200 3171 succum:
1225 3106 1260 3172 δι
1279 3090 1389 3171 'strato
1409 3093 1553 3201 spirans,
1576 3123 1616 3172 ut
1634 3105 1741 3197 loqui-
1766 3122 1894 3189 homine,

318 3218 374 3270 tur
393 3204 459 3274 alio
472 3205 566 3283 looo,
592 3203 725 3273 attrahit
741 3202 783 3272 ad
802 3196 832 3268 se
858 3194 1065 3293 sanguinem,
1081 3225 1139 3271 cur
1158 3227 1221 3270 non
1238 3202 1370 3299 expellet
1391 3202 1426 3270 id
1446 3202 1536 3296 quod
1552 3220 1673 3271 natura
1684 3198 1746 3272 sua
1767 3209 1896 3304 διέῐὲις.

317 3309 514 3374 contrarium
530 3301 593 3373 esti
609 3301 746 3372 undeid
756 3298 901 3395 quodest
918 3293 1178 3391 langu'ine'uber,
1196 3295 1331 3401 spirans,
1345 3305 1478 3383 tivene,
1493 3298 1745 3395 firgaruamana
1760 3286 1858 3390 ¹⁴2⁶·

315 3399 373 3473 dat
392 3423 412 3470 a
432 3397 462 3470 se
481 3404 512 3469 id
529 3402 622 3494 quod
639 3398 800 3468 oontta'rio
817 3399 914 3466 modo
932 3398 1082 3468 artadum
1098 3398 1161 3469 est.
1188 3404 1304 3495 ltaque
1322 3402 1344 3467 li
1360 3399 1403 3469 σε’
1420 3405 1540 3492 tivum¹
1550 3402 1585 3467 id
1601 3398 1691 3496 lugat
1707 3405 1743 3473 de
1756 3374 1894 3517 ἶφι..

318 3500 418 3585 reiicit
434 3500 525 3594 quod
545 3499 717 3571 evanidam
735 3496 779 3566 est
795 3502 828 3563 dc
848 3516 1054 3577 emortuum,
1072 3521 1129 3568 eur
1150 3522 1214 3568 non
1228 3520 1300 3598 pars
1314 3503 1428 3598 capitio'
1440 3493 1596 3572 cerebrive
1617 3496 1710 3570 illesa
1729 3545 1742 3579 ,
1762 3498 1872 3597 „422”

316 3592 410 3677 sana,
435 3603 545 3671 vivens
561 3604 596 3669 δι
622 3591 734 3696 spiritu
749 3616 879 3691 turgens
902 3598 1033 3666 alteram
1050 3618 1173 3693 partem
1201 3598 1290 3670 velut
1307 3592 1450 3696 sphacelo
1474 3603 1508 3669 dt
1532 3607 1681 3686 mareote,
1695 3595 1741 3669 af·
1762 3620 1865 3697 meg
1878 3649 1892 3664 ..

314 3690 428 3766 sestam
446 3698 558 3791 iirgare
574 3692 761 3776 oonabitur,
784 3715 825 3765 ut
844 3692 887 3764 ab
906 3718 943 3764 ea
957 3690 1093 3766 discedat
1113 3720 1149 3767 ac
1166 3698 1365 3769 divellatur?
1389 3699 1426 3768 ld
1443 3698 1534 3792 quod
1565 3717 1657 3768 motu
1686 3722 1742 3767 ex-

316 3796 530 3886 traordinario
543 3820 581 3864 ao
600 3799 708 3864 critico
724 3814 860 3864 conatur
877 3794 1016 3865 efficere.
1040 3799 1081 3876 Et
1104 3799 1184 3889 quia
1210 3796 1363 3867 moriendi
1393 3796 1546 3867 neceliitas
1565 3795 1677 3890 adest,
1701 3799 1737 3868 id
1835 3828 1839 3835 ·

316 3910 412 3963 motu
424 3890 675 3968 concuffivoaut‘
692 3891 899 3976 convulsrvo(
925 3900 1003 3987 quia
1020 3895 1082 3963 alia
1097 3901 1179 3966 ratio
1196 3894 1296 3982 deest)
1321 3893 1418 3965 facere
1440 3898 1611 3965 annititur.
1636 3890 1740 3991 Qod

312 3992 395 4061 dum
415 3989 529 4064 frustm
555 3988 661 4070 facit,
683 3988 778 4059 rebus
801 3993 1030 4069 conclamatis,
1055 3995 1095 4061 iic
1119 3989 1306 4066 convulsum
1332 3998 1475 4062 animans
1499 3988 1680 4062 occumbit.
1706 3995 1741 4065 Sl

317 4094 441 4164 retine
459 4094 691 4164 exornet-ationis
707 4084 800 4159 saaniei
817 4113 836 4158 a
853 4110 942 4187 parte
956 4085 1025 4160 laesa
1040 4094 1073 4159 in
1090 4087 1197 4162 sarnam
1218 4094 1249 4161 id
1269 4095 1428 4173 lieret,'id
1455 4095 1560 4191 potius
1577 4093 1643 4161 alio
1657 4101 1739 4162 teni-

311 4212 391 4285 pore
412 4233 438 4271 ,.
449 4198 483 4260 dr
501 4217 566 4260 non
582 4185 773 4288 terpestaret
790 4189 909 4259 natura·
923 4208 1057 4287 tempus·
1069 4189 1164 4288 ipsius
1181 4197 1293 4262 mortis
1312 4194 1352 4263 ad
1375 4192 1581 4261 exclufionem
1598 4195 1739 4263 materiei

312 4290 534 4360 virulentam
552 4312 675 4386 partem
689 4284 815 4359 sanam.
844 4291 1026 4358 Docuimur
1040 4303 1113 4360 ante
1127 4292 1202 4383 eryfi
1241 4292 1286 4364 las
1301 4296 1333 4362 in
1352 4287 1430 4363 secie
1446 4286 1619 4362 salutariter
1637 4314 1737 4391 appa·

317 4409 416 4468 rere,
439 4408 478 4458 ut
493 4389 585 4482 quali
603 4387 725 4456 excutio
743 4390 850 4457 iehore
866 4388 988 4459 vulnus
1002 4395 1115 4487 purius
1129 4314 1270 4461 exsuliet.
1365 4438 1367 4441 -
1443 4427 1449 4439 ·-
1625 4422 1628 4431 ·
1658 4425 1661 4433 ·
1732 4395 1737 4404 ’

347 4487 478 4578 ,Altera
501 4485 681 4578 coniedura
706 4484 745 4553 de
770 4480 864 4583 speeie
890 4482 999 4559 mittor
1022 4487 1066 4555 est
1093 4484 1334 4586 persequenda.
1364 4495 1443 4564 Non
1472 4488 1517 4560 eli
1548 4513 1669 4564 norum
1695 4505 1736 4561 ur

316 4588 558 4669 eontulsrones,
582 4588 726 4663 maniae,
750 4579 871 4655 furores
898 4584 1076 4686 aliquando
1099 4591 1179 4655 cirea
1198 4584 1399 4659 crisesiiont.
1429 4575 1533 4658 lm'r'o'o
1556 4591 1648 4685 quod
1675 4593 1735 4659 mi-

273 4713 278 4729 ¹
312 4705 389 4752 rum
412 4680 507 4759 μαιιί
534 4682 721 4784 petinam
747 4677 908 4759 mlvitor,
933 4682 1005 4750 licet
1022 4674 1146 4785 Ιἶίιςιισιι
1169 4685 1208 4752 stt
1237 4686 1324 4756 velut
1351 4690 1455 4756 mania
1487 4687 1584 4758 'auditi
1608 4667 1897 4806 Hippo-,fuiss

310 4828 337 4862 „
360 4784 465 4852 erati.·
483 4788 677 4873 Qroniam,
700 4786 746 4855 ait
766 4782 922 4851 Galenex
937 4780 1115 4850 vehementi
1144 4801 1235 4853 motu
1260 4777 1425 4855 causarum
1452 4783 1601 4858 sitdiem·
1621 4783 1740 4858 factem
1771 4750 1855 4827 ’Μ’

311 4926 335 4961 ,,
359 4885 442 4951 tium
462 4890 473 4961 ς
497 4878 615 4953 sohrtio
634 4908 709 4953 corn
725 4886 850 4952 ratione
863 4884 899 4949 dt
921 4885 990 4968 jore
1005 4874 1206 4975 consequitur
1227 4910 1239 4950 .·
1263 4902 1302 4955 ut
1316 4885 1362 4952 in
1378 4880 1497 4955 morbis
1513 4888 1619 4956 acutis
1641 4880 1736 4954 iehe-
1759 4841 1897 4964 'Q‘

316 4980 503 5055 mentiffima
525 4979 734 5081 symptomata
746 4977 847 5053 bonas
861 4974 951 5052 etises
967 4978 1130 5055 efficiunt.
1157 4984 1198 5055 Et
1215 4983 1279 5058 alio
1295 4984 1366 5056 loeo
1384 5011 1394 5055 ι
1417 4982 1740 5151 ἙιΗὸῶὲἓάωυΙῶ
1839 4981 1842 4990 '

386 5145 390 5152 .
1538 5104 1558 5151 e
1629 5104 1683 5151 ens
