4534 5850
529 472 681 548 'iis
772 447 1700 544 ''e'r·1i>en‘1·oii'u··n·
1764 466 1771 475 “

548 626 614 697 tion
634 624 824 701 doluissent,
858 647 913 693 nec
945 631 977 692 in
1003 618 1159 721 partibus
1184 613 1394 720 superioribus
1417 621 1589 714 quicquam
1616 617 1755 686 aliorum
1789 596 1978 687 sensilem.-

549 729 600 796 Sic
617 718 785 801 videbatui·
811 724 958 816 quaedam
983 723 1106 793 didusio
1131 724 1276 791 humoris
1296 745 1316 790 a
1338 716 1450 816 genere
1474 713 1591 791 venoso
1609 722 1643 788 in
1660 708 1858 794 nervosum,
1879 719 1977 789 &um

550 804 611 889 iuti
637 819 805 918 enpreffio.

520 967 524 974 -
560 930 564 934 ’
599 920 650 989 ad
667 916 803 988 estatem
828 915 968 987 morbiili
986 943 1099 1017 pueros
1117 916 1321 996 infestarunt,
1356 912 1519 1015 profluvia
1543 916 1605 986 alvi
1634 907 1894 984 comitabantur:
1928 920 1977 986 ln·

545 1041 620 1112 gens
638 1018 816 1086 humorum
832 1040 898 1087 erat
916 1021 1112 1117 corruptela.
1144 1021 1196 1086 An
1212 1012 1340 1086 morbiii
1366 999 1450 1081 b’nv's
1469 1011 1533 1079 &cis
1550 1010 1641 1084 sunt?
1666 1014 1791 1083 Revera
1825 1009 1976 1089 abscessus

393 1160 517 1220 mrum
549 1112 621 1186 sunt
640 1123 780 1188 maxima
795 1141 832 1186 ex
849 1137 958 1214 parte,
983 1124 1016 1187 &
1037 1113 1635 1212 sequunturconstitutionemcorporis.
1663 1117 1879 1208 Quamquam
1895 1136 1977 1186 tem·

387 1263 479 1302 ,mm
549 1221 633 1314 psoris
650 1218 793 1284 conditio
812 1220 891 1288 vires
906 1211 1009 1284 nescio
1029 1239 1109 1310 quas
1127 1216 1223 1285 addit.
1241 1215 1300 1286 Sed
1318 1236 1459 1286 reveraa
1476 1235 1604 1309 corpore
1617 1210 1660 1280 est
1683 1215 1717 1278 id
1736 1217 1895 1308 quicquid
1912 1213 1973 1285 est.

388 1331 503 1399 corporis
550 1320 590 1385 Et
609 1316 629 1381 ii
646 1310 748 1383 solum
762 1315 833 1384 eiiet
851 1316 911 1383 hoc
930 1308 971 1383 ab
989 1339 1078 1393 aere,
1103 1310 1174 1383 solis
1187 1308 1434 1389 exactionibus,
1458 1316 1495 1381 &
1510 1304 1692 1381 influxibus
1708 1313 1853 1405 malignis
1861 1315 1895 1383 id
1905 1337 1974 1386 cue-

384 1402 527 1502 &femii-
549 1421 648 1493 niret,
674 1420 708 1482 δι
731 1437 782 1482 eas
807 1408 878 1481 solis
904 1415 1137 1484 medicamentis
1160 1415 1326 1485 alexiteriis
1350 1434 1626 1519 oppugnartmus.
1654 1413 1699 1478 At
1730 1416 1870 1503 ingentia
1900 1436 1973 1512 pro-

386 1510 428 1589 '⁸,⁸
445 1515 508 1551 ‘⁰³⁹
551 1513 651 1583 fluvia
677 1513 743 1582 aivi
769 1536 842 1606 quae
868 1506 1065 1607 sequuntur,
1090 1519 1126 1583 &
1150 1536 1224 1607 quae
1249 1514 1305 1583 nili
1340 1506 1562 1607 sequerentur,
1595 1508 1702 1578 multo
1732 1512 1869 1581 deterius
1898 1535 1973 1583 curn

381 1574 509 1732 pppaepp
547 1615 637 1719 garis
659 1607 832 1704 apssretur,
858 1612 1015 1681 declarant
1043 1614 1275 1704 cacoehymiam
1299 1616 1439 1709 corporis
1461 1611 1502 1679 ad
1526 1610 1560 1677 id
1584 1613 1718 1678 maxime
1741 1608 1896 1680 conferre.
1932 1616 1971 1680 Et

385 1696 525 1813 quum}
548 1702 692 1806 opnreere
706 1708 804 1778 etiam
814 1704 963 1778 solennia
989 1717 1024 1780 δι
1048 1712 1193 1804 vulgaria
1209 1713 1347 1782 aliorum
1366 1703 1558 1778 morborum
1583 1708 1719 1778 remedia
1742 1705 1935 1807 praescribere
1959 1757 1970 1776 .

546 1812 585 1877 Et
609 1809 706 1894 hujus
730 1809 959 1898 cacochymia,
983 1834 1054 1903 quae
1080 1834 1187 1880 revera
1212 1806 1307 1880 habet
1330 1810 1451 1903 aliquid
1470 1829 1581 1903 praeter
1605 1831 1809 1878 communem
1825 1830 1972 1878 commu-

548 1911 593 1975 nis
611 1909 814 1998 caeocltymiae
838 1903 951 1974 sortem
960 1955 971 1986 ,
996 1914 1085 1978 virus
1106 1908 1194 1978 estid
1211 1909 1302 2004 quod
1317 1913 1348 1977 in
1363 1912 1461 1977 cutim
1476 1901 1656 1975 efflorescit.

553 2072 568 2079 ,,
586 2004 743 2096 ¹Quaestio
760 2004 816 2074 eiie
832 2004 945 2102 poffit,
968 2030 1009 2074 an
1035 2032 1098 2074 non
1125 2004 1341 2103 phlebotomia
1355 2004 1474 2076 confert
1500 2013 1537 2074 in
1559 2003 1622 2075 istis
1630 2001 1866 2073 defluxionibus
1890 2030 1973 2075 aea·

551 2108 632 2201 pite,
657 2105 727 2172 iicet
744 2105 863 2172 humor
878 2104 1019 2172 dolorem
1044 2113 1180 2175 excitet?
1206 2108 1350 2200 frigidus
1367 2109 1451 2175 enim
1468 2107 1611 2181 videtur,
1634 2109 1668 2171 &
1684 2108 1791 2199 potius
1816 2106 1973 2199 apophle-

549 2197 742 2296 pnatismis,
767 2221 824 2271 aut
847 2202 1067 2272 erriiinis'eiiet
1085 2206 1322 2301 repurgandus,
1346 2210 1502 2299 quoniam
1525 2204 1704 2273 illae'viam
1726 2205 1862 2296 querit,
1886 2202 1971 2272 dum

550 2295 712 2371 cerebrum
737 2301 982 2394 quodammodo
1005 2303 1195 2372 diffirnditur
1220 2329 1255 2373 ae
1279 2304 1451 2399 limatur,
1483 2305 1572 2398 quod
1603 2304 1810 2398 Hippocrates
1834 2293 1970 2378 illim

551 2421 664 2471 vocat.
690 2401 813 2468 Tamen
830 2406 988 2491 quoniam
1006 2402 1148 2470 videmus
1164 2412 1196 2470 in
1215 2404 1291 2473 loeis
1305 2398 1527 2479 calidioribus,
1542 2398 1971 2498 poteearnosisfacilephleg-

551 2523 662 2568 monas
676 2505 826 2578 excitare,
852 2496 975 2591 siquid
1000 2500 1061 2569 tale
1082 2508 1186 2597 cogit,
1218 2500 1298 2572 sorte
1320 2510 1349 2570 'a
1374 2496 1590 2598 phlebotomia
1624 2512 1691 2569 uon
1720 2497 1764 2571 'est
1786 2500 1969 2594 'temperan-

547 2599 647 2667 duni.

600 2694 740 2767 Historia
754 2691 859 2764 morbi
878 2700 1025 2768 Domina
1039 2698 1219 2769 Catharinae
1236 2698 1387 2769 Graileau
1403 2693 1472 2767 latis
1487 2701 1579 2768 docet
1603 2697 1685 2792 quid
1720 2696 1757 2767 fit
1790 2698 1867 2768 illud
1887 2700 1969 2794 Hip·

385 2792 511 2852 Bubones
550 2798 701 2894 pocratis,
726 2787 875 2863 Bubones
897 2790 970 2866 sunt
997 2799 1083 2889 ligna
1109 2786 1290 2878 viseerum,
1321 2790 1563 2876 duracium
1588 2790 1719 2867 sicima.
1755 2799 1845 2867 Nam
1864 2820 1969 2892 quum

381 2880 452 2951 sm
464 2871 501 2971 st,
550 2915 684 2971 natura,
707 2914 764 2964 aut
781 2897 813 2963 in
828 2897 1025 2967 emunctoria
1052 2898 1188 2994 hepatis,
1211 2919 1268 2970 aut
1285 2899 1361 2968 alias
1378 2896 1524 2995 partcsse
1549 2892 1577 2967 le
1599 2917 1766 2973 exonerat,
1792 2894 1969 2991 signumcst

383 2977 861 3032 φατι...Ἰ
1156 3002 1161 3012 ,
1853 3000 1859 3011 ι

381 3045 495 3114 lenum
550 2995 640 3089 q¹¹0d
657 3013 692 3063 ea
710 2993 758 3065 vel
775 2996 948 3088 qualitate.
973 2996 1024 3065 vel
1048 3016 1228 3091 quantitate
1253 2999 1397 3068 humoris
1415 3017 1572 3067 irritatur.
1597 3002 1729 3083 Quanta
1740 2995 1892 3067 colluvies
1908 2996 1972 3065 hu-

386 3125 463 3181 mi,
478 3119 524 3198 ,pc
549 3118 678 3163 morum
695 3119 732 3165 ex
750 3094 810 3163 hoc
833 3089 1020 3193 corpusculo
1035 3092 1164 3192 expulsa
1186 3094 1258 3167 est?
1283 3097 1358 3163 ideo
1381 3101 1504 3187 quoties
1522 3114 1651 3190 apparet
1666 3095 1705 3166 de
1731 3088 1884 3179 ejusmodi
1918 3114 1973 3165 tu-

381 3205 472 3282 fetio·
552 3188 694 3263 moribus
719 3198 750 3263 in
776 3197 923 3286 inguine,
947 3195 1027 3262 dum
1054 3218 1108 3289 pet
1133 3188 1268 3259 b'nn'usw
1291 3195 1325 3262 id
1348 3188 1423 3259 facit
1447 3212 1584 3270 natura,
1608 3187 1806 3258 audacillime
1830 3216 1975 3287 purgare

387 3310 472 3361 rum,
493 3283 526 3354 ti
549 3313 690 3389 oportet,
715 3300 750 3362 δι
774 3291 818 3361 fre
844 3291 1035 3363 uentiffime.

389 3391 497 3432 ’'⁴¹¹¹'‘
600 3389 739 3461 Historia
763 3317 866 3461 moibi
893 3387 935 3461 D.
962 3396 1144 3485 Dormoys,
1168 3395 1223 3462 cui
1246 3388 1345 3463 faustus
1370 3394 1403 3462 in
1429 3390 1565 3461 scrotum
1603 3383 1750 3458 abscedas
1757 3433 1767 3465 ,
1790 3410 1866 3455 eum
1893 3411 1973 3485 pro-

387 3458 439 3556 eei
455 3477 526 3533 5¹⁶⁴·
548 3490 686 3588 lapfione
709 3492 846 3562 intestini
872 3493 968 3584 (quas
993 3499 1022 3561 ei
1051 3489 1197 3587 frequens
1220 3512 1308 3571 erat,
1334 3492 1403 3587 post
1427 3492 1549 3561 dolores
1574 3490 1684 3558 colicos
1709 3489 1972 3558 amateriavalde

386 3542 472 3685 2⁸:5⁹⁸
496 3583 505 3616 ’
550 3582 678 3674 biliosa)
705 3586 778 3659 satis
792 3612 850 3658 taos
867 3612 994 3656 monere
1009 3585 1122 3667 debet,
1147 3610 1185 3657 ut
1208 3592 1361 3684 intrepide
1387 3592 1557 3657 moliamur
1581 3583 1789 3681 suppuratum
1815 3588 1912 3655 etiam
1933 3590 1968 3654 in

386 3714 504 3787 qum.
550 3681 694 3780 partibus
709 3684 793 3758 istis,
817 3706 897 3773 quas
921 3700 988 3748 tam
1013 3680 1098 3750 facile
1123 3702 1250 3777 putrere
1273 3686 1422 3751 dicimus.
1449 3685 1508 3752 Sed
1532 3684 1626 3751 credo
1648 3683 1739 3775 quod
1763 3685 1795 3749 in
1821 3686 1859 3750 iis
1882 3685 1970 3752 mul-

387 3810 447 3853 rau
472 3795 525 3850 hu·
550 3801 603 3850 tus
627 3778 670 3849 est
694 3781 780 3847 calor
803 3778 975 3851 naturalis,
999 3781 1057 3869 qui
1081 3780 1125 3844 im
1165 3779 1212 3846 dit
1235 3787 1409 3872 quominus
1430 3786 1520 3869 juxta
1542 3784 1690 3850 omnium
1708 3783 1967 3878 opinionemtam

384 3880 470 3975 ’ritis
485 3877 512 3936 ir
551 3877 639 3949 facile
664 3877 800 3973 putredo
823 3868 1012 3944 accersatur.
1040 3876 1110 3944 Nisi
1160 3896 1206 3945 rte
1223 3882 1363 3947 materia
1388 3879 1426 3948 sit
1450 3880 1541 3951 vaide
1566 3873 1724 3956 manian.

385 3980 491 4023 Μ’·
603 3979 712 4046 Vidua
730 3969 875 4046 Bcasalda
901 3973 1035 4043 humore
1058 3966 1153 4054 salso,
1177 3980 1212 4045 δι
1236 3977 1328 4047 valde
1353 3973 1470 4048 nitroso
1494 3972 1657 4049 abundat.
1685 3979 1726 4047 Et
1750 3981 1821 4049 licet
1846 4002 1865 4049 a
1889 3983 1968 4052 vino

550 4073 722 4153 abstineat,
748 4093 841 4172 putat
867 4068 896 4141 sc
920 4076 1031 4143 inore
1055 4068 1148 4143 salem
1173 4070 1303 4147 habere.
1331 4080 1435 4147 Immo
1458 4098 1566 4149 totum
1588 4084 1654 4166 ejus
1684 4102 1799 4176 eorpus
1823 4080 1877 4147 tali
1901 4079 1966 4146 hu-

552 4198 639 4245 more
672 4169 834 4244 abundare
865 4172 1019 4241 videtur.
1064 4168 1269 4244 Admirabilis
1292 4175 1335 4244 est
1366 4177 1493 4247 eii'cstus
1516 4179 1659 4248 humoris
1682 4177 1765 4246 illius
1788 4177 1912 4246 nitrofi.

600 4272 709 4341 Vid'ua
730 4273 862 4354 loamris
886 4272 1041 4347 Martini,
1066 4295 1170 4365 quum
1194 4268 1382 4371 septimo'die
1406 4277 1496 4349 valde
1519 4270 1630 4346 debilis
1653 4275 1744 4354 esset,
1770 4270 1968 4365 &jamadcs-

547 4367 594 4442 set
616 4365 739 4455 linitos,
763 4364 847 4465 spem
872 4366 1009 4438 irollram
1033 4374 1145 4440 mortis
1168 4369 1292 4452 fefellit,
1316 4379 1351 4444 &
1375 4396 1487 4471 praetcr
1500 4382 1681 4474 opinionem
1695 4376 1875 4448 convaluit.
1901 4376 1965 4446 Ter

550 4467 744 4541 secueramus
769 4492 896 4545 venam,
920 4469 992 4538 lieet
1015 4467 1086 4538 esset
1109 4464 1320 4567 sexagenaria.
1347 4476 1417 4546 Nisi
1446 4482 1604 4576 impetum
1630 4468 1733 4544 morbi
1766 4472 1872 4544 statim
1903 4470 1966 4545 fte-

549 4568 712 4663 giiscmus,
736 4567 830 4639 credo
853 4568 941 4660 quod
968 4571 1020 4639 vix
1045 4571 1197 4640 evaiiilet.

598 4667 718 4736 Mulier
742 4668 782 4735 ad
806 4667 923 4759 insigne
946 4670 1050 4760 Cygni
1076 4664 1143 4741 albi
1168 4672 1276 4741 dolote
1300 4674 1341 4744 ad
1366 4679 1524 4770 regionem
1549 4675 1670 4772 hepatis
1694 4670 1964 4744 tenebatur-duat

547 4764 676 4861 qualem
700 4765 811 4861 paullo
835 4783 908 4834 ante
929 4762 1162 4862 deseripiimus.
1191 4765 1356 4868 Respiraoe
1380 4798 1445 4842 non
1469 4792 1607 4871 poterat.
1630 4774 1869 4859 Sudoretotum
1895 4794 1965 4841 cor-

547 4886 614 4962 pus
627 4885 707 4960 pene
721 4856 902 4937 diffluebat.
929 4866 1047 4934 Tamen
1074 4866 1144 4961 post
1167 4888 1293 4965 tempus
1315 4871 1448 4963 aliquod
1472 4876 1506 4940 in
1527 4893 1567 4940 eo
1591 4865 1705 4944 sudore
1727 4896 1842 4945 venam
1867 4864 1965 4942 secui·

550 4985 642 5044 atus,
665 4963 757 5068 quod
777 4983 997 5061 resurgeret.
1023 4964 1075 5056 Ad
1100 4966 1186 5042 diem
1208 4970 1352 5065 criticum
1369 4970 1600 5066 hamonhagia
1623 4994 1662 5065 ga
1685 4996 1759 5069 aare
1783 4968 1963 5069 opposita.
