4534 5850
547 478 1491 573 Ete·trtrneit1oun‚srn.
1542 494 1568 563 ι.
1673 499 1716 586 a,

340 643 455 711 terrm
475 632 646 708 doloresin
669 636 832 706 thoracicis
854 629 1016 734 partibus,
1041 639 1076 704 δι
1095 630 1209 704 frustra
1236 629 1388 705 secaremr
1413 659 1507 706 vena.
1535 637 1584 705 Sic
1600 630 1764 707 intalibus

341 737 532 807 tentandam
597 741 640 806 'us
660 738 882 834 purgationem
897 731 1057 810 cristino,
1081 756 1147 802 non
1165 728 1435 830 phlebotomiam,
1460 753 1571 804 contra
1581 738 1765 831 opinionem

343 836 460 928 vulgi.
485 840 525 903 in
583 830 706 905 loribus
719 834 889 906 excitandis
896 835 1033 901 maxime
1051 832 1136 902 valet
1153 830 1234 901 illud
1253 833 1346 926 quod
1364 835 1497 915 dicitnr,
1514 854 1622 904 totum
1647 853 1765 929 corpus
1794 864 1931 944 mm

342 929 534 1101 oonpirare,
556 956 593 1003 ac
610 935 795 1010 contineres
819 951 859 1001 ut
880 925 958 1029 sape
982 931 1076 999 dolor
1099 930 1162 1003 alia
1192 933 1226 1001 in
1259 950 1348 1029 parte
1372 936 1557 1013 excitetur,
1581 955 1679 1027 quam
1706 927 1766 1000 ubi

341 1054 435 1104 caua
457 1033 605 1128 primaria
621 1033 677 1102 fit.
1957 1118 1959 1122 Ι

345 1194 348 1205 ,
393 1134 433 1199 ln
447 1125 613 1199 doloribus
625 1132 748 1211 colitis,
770 1123 873 1223 iisque
889 1122 1004 1198 biliosis
1019 1126 1109 1199 laesis
1123 1121 1216 1197 usum
1240 1128 1332 1198 valde
1351 1127 1518 1201 contulisse
1544 1131 1698 1212 vidimus,
1729 1149 1768 1200 ut
1797 1175 1854 1230 zac
1864 1175 1894 1228 t»

344 1232 378 1300 in
392 1252 506 1323 guamo
520 1223 692 1299 bealaldae.
709 1232 750 1299 Et
763 1229 883 1298 tametsi
903 1230 1115 1324 Hippocrates
1131 1227 1296 1299 interdicat
1311 1227 1402 1299 laelii
1422 1221 1498 1308 usu,
1523 1229 1602 1298 dnm
1627 1234 1767 1301 eunrde-
1796 1253 1937 1312 „nm

344 1327 489 1420 jussiones
503 1321 641 1397 bition:
662 1347 768 1398 mmen
781 1327 837 1395 nili
850 1326 977 1419 insignis
991 1327 1027 1395 stt
1042 1319 1135 1394 febris
1153 1348 1225 1417 quae
1249 1345 1431 1423 corrumpat
1444 1325 1492 1397 lac
1511 1375 1540 1405 „
1565 1322 1660 1398 abeo
1675 1325 1769 1400 absti-
1795 1333 1862 1407 sm,
1872 1353 1934 1415 urps

343 1426 489 1497 rendum
504 1451 573 1495 non
587 1427 729 1499 vitietur.
754 1427 787 1496 Si
805 1432 840 1494 in
858 1443 999 1496 ventrem
1012 1417 1160 1515 clysmate
1175 1430 1333 1512 injicitur,
1353 1430 1387 1494 δι
1402 1425 1493 1495 nulla
1510 1427 1582 1497 inde
1590 1422 1764 1523 insequitur
1794 1415 1888 1494 ⁵³²&st
1917 1416 1922 1429 '

344 1548 447 1602 noxa,
470 1545 526 1594 cur
539 1550 605 1594 non
620 1530 655 1595 in
673 1524 884 1599 ventriculum
899 1526 981 1611 injici
996 1531 1132 1622 poetrit,
1156 1529 1190 1591 in
1206 1546 1275 1618 quo
1298 1547 1405 1618 quum
1420 1525 1477 1594 diu
1502 1549 1567 1595 non
1582 1528 1765 1605 condietur,
1797 1500 1920 1568 bonum,

346 1626 585 1721 corruptionem
603 1649 670 1694 non
690 1630 853 1718 acquirere
1056 1689 1060 1696 .

393 1723 573 1793 Termhrthi
594 1770 605 1804 ,
628 1721 735 1799 idest,
758 1719 889 1818 pustulae
911 1724 1056 1813 nigraeerc
1078 1717 1174 1789 astato
1188 1714 1356 1812 sanguim,
1379 1745 1515 1816 queque
1538 1728 1573 1792 in
1597 1717 1682 1792 tibiis
1697 1746 1764 1794 ma·
1796 1721 1869 1784 Μ·
1885 1736 1914 1784 2·

346 1829 433 1894 xime
448 1839 620 1917 appareat,
643 1821 771 1892 cuidam
786 1839 1000 1915 apparuerunt
1016 1825 1050 1887 in
1064 1813 1149 1887 febre
1163 1825 1316 1887 continua
1340 1822 1427 1916 apud
1452 1822 1500 1893 Hi
1522 1842 1699 1916 pocratem.
1724 1825 1766 1891 Et
1799 1802 1884 1902 ¹³⁵2*

345 1926 494 1988 irmocuae
512 1913 660 1987 fuerunt.
679 1918 813 1986 Medicis
827 1924 946 2009 ignaris
962 1917 1024 1986 hoc
1041 1918 1150 1987 terrori
1167 1914 1223 1985 esse
1239 1925 1396 2013 pomerit.
1415 1919 1474 1990 Sed
1493 1844 1604 1990 chaino
1647 1920 1767 1991 uodam
1798 1887 1895 2027 ἐμά.

344 2016 448 2087 ruodo
461 2020 618 2106 originem
634 2017 727 2102 huius
741 2015 960 2111 reimplicavit
983 2063 994 2091 ,
1017 2022 1064 2085 ait
1077 2023 1183 2090 enim,
1205 2008 1386 2092 &sintina
1396 2011 1440 2084 sn
1447 2063 1460 2099 ,
1485 1944 1767 2099 sublicnofnscrat,
1799 1989 1930 2112 ,ms

345 2137 383 2185 ac
398 2116 420 2182 si
433 2115 544 2183 lienem
559 2113 656 2200 huius
670 2115 746 2183 maii
758 2113 924 2187 aussorem
941 2111 1074 2183 llatuat.
1092 2114 1124 2182 Si
1143 2110 1216 2182 tales
1231 2111 1363 2208 pustulae
1379 2117 1592 2213 apparuissent
1616 2125 1650 2189 vi
1674 2113 1766 2187 febris
1800 2137 1874 2208 „iga

347 2235 404 2283 aut
419 2211 615 2305 malignitate
629 2213 793 2290 humoris,
819 2212 942 2286 malum
964 2212 997 2285 id
1011 2212 1146 2305 quidem
1162 2208 1258 2280 foret:
1285 2206 1335 2279 sed
1351 2214 1422 2283 ralis
1436 2222 1565 2311 eruptio
1575 2217 1766 2310 peculiarem
1801 2236 1876 2295 qua.

348 2311 503 2383 diathesnr
518 2313 617 2406 partis
632 2312 763 2399 alieuius
783 2306 942 2402 sequitur.
967 2312 1016 2379 Sic
1031 2305 1179 2406 splenicos
1193 2315 1226 2376 in
1241 2304 1381 2379 febribus
1407 2319 1538 2404 nigrum
1555 2322 1666 2403 meiere
1681 2313 1768 2385 vide-

349 2433 442 2487 mus,
467 2413 501 2478 he
515 2430 619 2479 tamen
633 2408 713 2477 nihil
730 2407 842 2481 sinistri
855 2409 1080 2477 denuntiatur.

401 2501 578 2578 Darniselle
594 2508 634 2576 de
656 2507 729 2576 v'ieil
745 2506 870 2577 moulin
888 2510 986 2599 nigra
998 2505 1132 2602 pullula
1148 2499 1348 2574 efflorescunt
1365 2506 1542 2600 aliquando
1567 2512 1600 2578 in
1616 2529 1688 2578 toto
1702 2534 1772 2579 cor-

351 2631 447 2706 pore,
471 2612 506 2678 ἃ
523 2605 570 2675 nil
587 2607 660 2675 inde
672 2607 864 2678 incommodi
880 2598 1040 2699 seqnitur,
1066 2602 1255 2675 ferventiore
1267 2602 1312 2672 cst
1328 2614 1440 2690 iecore.
1460 2609 1549 2676 Tunc
1559 2615 1767 2703 primumcoe.

352 2714 400 2804 pit
420 2705 475 2775 isla
491 2710 636 2805 eruptio,
662 2730 765 2801 quum
781 2729 881 2776 annos
897 2707 1097 2797 undeviginti
1112 2724 1187 2772 nata
1207 2701 1328 2771 decussa
1353 2700 1395 2773 ab
1409 2730 1513 2800 equo,
1538 2707 1691 2802 humique
1717 2732 1770 2780 ve-

351 2805 409 2876 lut·
422 2801 622 2876 sentimortua
639 2804 811 2900 proilrata,
836 2809 1022 2877 &attonita
1041 2799 1224 2897 sangiunem
1244 2826 1297 2871 ore
1310 2804 1481 2891 reieehavit.
1502 2801 1662 2878 Credibile
1678 2811 1774 2877 inter-

349 2928 427 2975 nam
442 2899 527 2974 fuisse
547 2899 795 2997 sugillationem,
821 2912 854 2975 δι
869 2905 1083 2995 eochymosm,
1108 2909 1198 2994 cujus
1213 2902 1316 2973 adhuc
1340 2902 1383 2974 est
1406 2898 1527 2976 soboles
1558 2905 1615 2979 ista
1647 2907 1775 2978 eiiiote-

353 2999 467 3074 sortia
490 3002 710 3101 pustularum,
735 3010 770 3074 δι
794 3004 1013 3095 edlhymaton.
1041 3006 1127 3074 idem
1153 3004 1244 3097 plane
1268 3006 1427 3095 contingit
1435 3001 1611 3075 Darnisellae
1635 3008 1774 3079 deGou-

353 3110 474 3199 pigny,
498 3108 551 3171 cui
569 3099 649 3173 tibia
662 3098 731 3172 lasa
746 3100 823 3172 fuit.
853 3107 922 3173 Has
947 3104 1086 3201 pustulas
1111 3106 1322 3197 Hippocrates
1347 3094 1451 3170 sefiio.
1483 3126 1510 3189 3.
1537 3099 1591 3173 lib.
1623 3126 1653 3170 2.
1679 3105 1776 3200 Epid.

353 3221 444 3272 vocat
475 3195 656 3286 spiritiuum
689 3196 844 3279 anserina
877 3204 958 3267 wion
1002 3200 1058 3270 ι’πιῖ
1088 3206 1217 3266 κωνώπων
1250 3193 1395 3275 γινομένοις
1427 3198 1525 3264 sacha
1555 3196 1775 3277 dindymon.

353 3294 543 3395 asperitates
565 3302 657 3370 milio
681 3300 809 3377 similes,
836 3310 869 3369 be
896 3301 980 3367 haud
1009 3298 1165 3367 dissimiles
1193 3292 1347 3365 monibus
1376 3298 1533 3391 pulicum.
1570 3301 1602 3367 Si
1636 3301 1715 3368 talia
1740 3304 1774 3368 in

352 3392 441 3468 sebee
463 3402 617 3465 continua
639 3392 883 3472 etflorescercnt,
907 3420 947 3461 an
972 3399 1011 3462 de
1035 3397 1179 3481 maligno
1206 3393 1376 3461 verendum
1408 3395 1497 3461 esset?
1520 3397 1739 3487 Nequaquam
1764 3443 1774 3463 .

351 3498 433 3567 Hoc
457 3495 541 3561 enim
563 3490 606 3559 est
630 3492 731 3561 veluti
754 3515 791 3558 ex
825 3514 957 3558 numero
984 3484 1027 3569 lif
1039 3482 1253 3564 συγγεγονότων.

404 3595 443 3659 In
469 3582 610 3658 febribus
632 3584 811 3665 laboriosis,
845 3594 880 3658 δι
903 3589 1073 3677 inclusione
1088 3587 1203 3683 plenis,
1234 3580 1422 3682 prasertim,
1453 3588 1530 3659 dum
1563 3592 1600 3659 iis
1629 3591 1775 3662 mulieres

354 3688 584 3761 condidiantur
597 3688 750 3757 mensium
764 3692 961 3784 eruptionem
980 3688 1133 3764 vidimus,
1159 3691 1194 3753 &
1218 3703 1294 3755 turre
1310 3689 1401 3756 valde
1422 3690 1517 3758 -anxii
1543 3683 1615 3758 fiant
1640 3692 1776 3769 Medici,

356 3812 398 3860 an
415 3791 536 3860 ratione
551 3808 618 3856 tam
634 3783 721 3858 hvae
737 3780 830 3855 febris
848 3782 973 3856 secanda
987 3788 1023 3853 sn
1038 3809 1134 3864 vena,
1162 3789 1252 3853 &an
1277 3807 1351 3856 tuto
1380 3781 1470 3856 secari
1488 3787 1597 3886 possin
1622 3793 1778 3883 quoniam

355 3912 394 3959 cx
410 3886 467 3957 ista
481 3887 635 3958 metisttm
650 3889 816 3980 eruptione
840 3911 905 3955 non
931 3906 997 3954 tam
1022 3906 1185 3980 promtum
1212 3880 1351 3978 sequitur
1375 3888 1562 3964 remedium,
1596 3912 1631 3955 ac
1652 3912 1689 3957 ex
1712 3884 1779 3985 ipsa

356 3992 563 4060 evacuatione
578 3977 736 4076 sanguinis
761 4008 814 4077 per
839 3980 1105 4080 phlebotomiam.
1142 3976 1357 4055 Observamus
1381 3992 1466 4054 enim
1495 3987 1640 4078 quotidie
1664 4010 1780 4081 parum

355 4088 530 4176 adjumenti
547 4085 647 4154 afferri
663 4078 847 4153 mulieribus
860 4076 1108 4151 febricitantibus
1134 4082 1311 4173 insigniter.
1335 4085 1460 4152 Contra
1482 4084 1506 4151 si
1539 4083 1677 4151 demitur
1710 4077 1778 4153 s'an-

406 4192 432 4253 's
455 4207 473 4253 e
499 4177 649 4259 brachio,
675 4177 854 4250 manifestus
878 4205 919 4276 ap
943 4201 1008 4249 aret
1034 4178 1210 4277 profestos.
1247 4183 1345 4276 Qud
1370 4202 1476 4253 autem
1502 4202 1671 4280 erumpant
1689 4207 1780 4254 men-

355 4206 451 4354 {tin
465 4280 522 4350 illa
538 4276 775 4376 ,symptomaton
792 4283 825 4348 in
840 4208 980 4351 febribus
1005 4284 1194 4372 agitatione,
1227 4281 1438 4377 Hippocrates
1462 4282 1572 4352 docuit
1597 4292 1631 4350 in
1646 4284 1758 4353 Coacis
1767 4332 1776 4349 .

357 4384 536 4457 Honores,
561 4373 701 4455 labores,
725 4379 846 4447 dolores
870 4382 998 4477 capitis,
1023 4386 1057 4449 &
1075 4377 1315 4460 collimolesliae‚
1340 4373 1455 4449 menses
1464 4384 1635 4476 proritent,
1659 4386 1784 4452 utum
1813 4362 1934 4453 '1¹⁰⁰‘

356 4483 440 4550 mini
456 4479 614 4551 Guerardi
629 4482 719 4546 uxori
743 4484 862 4546 evcnit.
892 4481 1137 4548 Anreverterunt
1160 4471 1291 4548 menses.
1328 4482 1539 4576 Hippocrates
1569 4502 1601 4561 7.
1638 4480 1780 4573 Epidcm.
1815 4458 1867 4496 ‘¹¹‘

359 4595 453 4648 notat
470 4577 509 4646 de
522 4576 702 4646 Cleomenis
720 4598 817 4645 uxore
832 4575 997 4672 pleuritica
1013 4627 1020 4640 .
1038 4580 1166 4672 Qarto
1189 4576 1240 4641 die
1250 4577 1366 4671 copiosi
1375 4570 1489 4645 mmses
1502 4578 1663 4645 fluxerunt
1671 4577 1782 4659 ,dolor

357 4677 487 4753 lateris,
512 4668 619 4771 sputa,
642 4678 749 4743 omnia
772 4675 909 4767 deniqne
933 4674 1142 4743 cessaverunt.
1171 4673 1252 4740 Vide
1266 4680 1380 4765 quanti
1395 4671 1532 4745 facienda
1540 4671 1625 4745 estet
1638 4680 1780 4773 eruptio.

414 4775 562 4842 Domina:
578 4767 620 4841 ab
638 4766 879 4842 insulaNutrici
898 4768 1072 4870 putabatur
1087 4770 1142 4839 csse
1156 4763 1305 4839 abscessus
1323 4766 1516 4868 sublingua,
1539 4775 1668 4841 nomine
1676 4769 1784 4842 barra·
1817 4793 1879 4857 tib.
1890 4814 1917 4860 γ,
1998 4757 2008 4804 ²

359 4874 490 4944 einum.
517 4871 597 4941 Non
620 4892 687 4939 erat
711 4894 814 4942 tamen
832 4872 969 4950 humor,
994 4878 1052 4964 qui
1076 4864 1245 4940 abscessum
1277 4874 1311 4939 δι
1342 4888 1500 4943 tumorem
1530 4866 1784 4940 committebat,
1815 4877 1897 4948 epid.

361 4974 446 5046 adeo
471 4970 673 5046 induruerat,
696 4989 734 5038 ut
747 4964 957 5067 lapidesceret.
984 4971 1031 5040 Ac
1046 4976 1079 5039 in
1095 4969 1212 5065 pelvim
1229 4968 1356 5054 injeeius
1371 4978 1404 5041 in
1417 4992 1506 5062 agre
1530 4963 1638 5035 ficiem
1652 4966 1755 5034 refiliit
1773 5007 1782 5022 ·
1808 4958 1911 5031 stffo·

465 5068 604 5145 Basienis
620 5069 718 5161 Oper.
742 5069 908 5136 Tiausa
1402 5069 1428 5135 E
1649 5058 1737 5128 ldem
