4534 5850
583 491 652 558 144
825 457 1653 540 rurornronun

525 614 590 691 &io
615 610 636 685 s
713 608 926 694 observatur,
960 637 996 682 ac
1019 609 1096 711 saepe
1123 614 1241 682 Medici
1266 614 1345 704 quid
1374 608 1458 682 fatto
1482 636 1564 711 opus
1589 614 1626 681 sit
1640 614 1656 689 '2
1681 619 1833 707 ignorant
1844 637 1857 689 ·'

364 745 507 820 malm,
536 758 540 765 -
575 713 633 783 Ob
646 735 834 785 erraverunt
851 715 1012 811 peritiores
1031 715 1205 804 Chirurgi,
1225 707 1385 781 ulcuscula
1401 717 1496 779 etiam
1510 710 1680 788 levissima,
1705 722 1826 797 immo,
1852 740 1890 791 ut
1907 727 1950 797 ita

364 829 397 886 ι,
412 844 506 886 „mn
525 816 649 890 dicam,
673 817 895 882 excoriationes
910 807 1013 909 ipsas,
1038 814 1071 878 in
1088 815 1125 878 iis
1140 815 1199 902 qui
1218 810 1295 878 olim
1320 811 1373 877 luc
1396 832 1523 878 venerea
1548 805 1759 891 laborarunt,
1788 822 1823 887 dt
1850 829 1954 893 curati

363 911 414 987 qui
442 909 486 967 1⁸⁸
524 904 615 990 sunt,
639 914 733 981 ctiam
749 911 935 980 difficillime
953 903 1071 977 sanari.
1098 909 1189 976 Adeo
1208 911 1319 979 veteris
1338 909 1436 1003 ipsius
1456 905 1598 978 fermenti
1627 907 1797 1003 vestigium
1820 920 1954 1014 aliquod

246 1010 258 1025 ’
363 1009 483 1049 venerea
525 1029 683 1089 remanet,
700 1010 792 1104 quod
815 1010 901 1078 mala
916 1006 1067 1077 ieviffima
1086 1001 1269 1083 exacerbat,
1285 1006 1487 1075 &deteriora
1497 1009 1615 1075 reddit.
1634 1011 1736 1102 Qod
1751 1017 1959 1101 animadvtrae

362 1074 501 1229 3ζῖὶῇ
525 1110 659 1178 tendum
674 1106 735 1186 est,
753 1127 792 1177 ut
809 1131 913 1203 quum
931 1111 1040 1200 agitur
1054 1107 1094 1176 de
1109 1109 1272 1175 curatione
1289 1097 1523 1175 ulcusculorum
1531 1154 1542 1185 ,
1559 1131 1694 1203 corpora
1715 1108 1791 1180 olim
1805 1113 1953 1188 istotabo

361 1237 476 1314 finan,
522 1207 633 1277 affcsta
645 1202 879 1284 obfidentium,
903 1230 942 1276 ne
960 1229 1066 1300 quum
1081 1200 1231 1274 eluserint
1247 1204 1400 1282 remedia,
1421 1204 1488 1274 aliis
1504 1199 1689 1302 corporibus
1708 1233 1827 1303 magno
1845 1214 1951 1311 profe.

262 1342 267 1353 ·
360 1319 467 1395 sanau-
523 1306 580 1376 &u
597 1312 632 1375 bt
650 1307 835 1393 adjumento
853 1298 1125 1381 adhiberisolita,
1150 1304 1274 1372 malum
1299 1297 1441 1394 aegrescat
1469 1305 1644 1386 medendo,
1676 1330 1796 1403 magno
1819 1335 1933 1385 eorum

364 1419 433 1462 w·
523 1407 580 1498 qui
595 1405 670 1473 talia
684 1398 838 1501 usurpant
855 1404 1007 1481 remedia,
1032 1407 1194 1499 vituperio
1209 1407 1243 1471 δι
1262 1402 1433 1470 dedecore.

362 1492 469 1622 H'J'i
574 1504 687 1596 Qridt
716 1503 826 1595 Vulgo
840 1503 958 1571 dicitur
969 1502 1060 1595 quod
1076 1503 1196 1569 humor
1211 1500 1470 1576 melancholicus,
1495 1496 1665 1597 pracsertim
1679 1528 1785 1601 quum
1793 1529 1939 1582 naturam

364 1584 476 1704 '2'st
525 1601 700 1692 malignam
717 1602 881 1694 acquisivit
894 1601 1000 1676 cordi,
1017 1605 1051 1669 &
1069 1603 1180 1670 nativo
1198 1600 1294 1668 calori
1312 1598 1532 1692 esttamquam
1542 1605 1686 1699 capitalis
1693 1604 1808 1675 hostis.
1835 1611 1867 1679 Si
1875 1611 1936 1680 hoc

362 1668 507 1790 :0:22⁶,2
519 1722 634 1768 verum
650 1698 713 1776 est,
738 1701 906 1792 quomodo
922 1718 990 1768 tam
1004 1699 1063 1766 diu
1075 1699 1195 1768 durant
1209 1703 1244 1767 dt
1262 1703 1397 1769 vivunt?
1416 1701 1595 1793 Quomodo
1602 1697 1733 1774 morbos
1746 1707 1933 1802 tamlongos

362 1813 462 1890 piratis
520 1790 687 1866 sustinenti
714 1799 892 1890 Qomodo
916 1801 1267 1873 tantasevacuationes,
1291 1802 1326 1865 &
1348 1816 1416 1866 tam
1439 1797 1557 1867 validas
1578 1796 1708 1871 ferunt?
1741 1805 1829 1874 illud
1850 1810 1933 1875 enim

363 1893 463 1971 hstis·
522 1889 678 1967 absonum
695 1894 840 1974 videtur,
863 1896 998 1966 calorem
1015 1898 1211 1975 naturalem,
1235 1900 1336 1964 immo
1354 1913 1501 1966 naturam
1517 1893 1618 1994 ipsam
1643 1903 1815 1972 virulentia
1837 1907 1935 2001 ipsius

521 1997 666 2065 humoris
682 1996 916 2076 melancholici,
941 2013 999 2066 aut
1014 1990 1186 2065 atrabilarii
1202 1993 1304 2075 affici,
1330 2000 1364 2065 δι
1380 2014 1487 2066 tamen
1502 1998 1806 2093 tamdiupcrsrstere:
1831 2027 1941 2095 quum

522 2094 686 2184 videamus
699 2089 764 2163 solo
778 2088 856 2193 sepe
876 2118 991 2192 vapore
1005 2097 1132 2166 aliunde
1149 2097 1234 2167 elato
1250 2099 1322 2168 vitae
1349 2094 1459 2166 nostra
1475 2096 1565 2166 filum
1589 2091 1759 2191 abrumpi,
1784 2118 1844 2166 aut
1871 2122 1944 2168 car-

374 2263 380 2273 ,
521 2193 624 2263 diacas
643 2197 822 2288 contingere
834 2188 1000 2292 syncopas,
1015 2190 1130 2289 easque
1147 2196 1238 2266 valde
1256 2191 1491 2266 formidandas.
1510 2195 1583 2264 Hoc
1599 2218 1663 2263 non
1686 2214 1769 2263 caret
1793 2195 1944 2267 difficul-

413 2270 461 2340 ¹4·
522 2311 606 2362 tate.
635 2293 761 2390 Apure
774 2311 832 2363 aut
849 2287 1003 2368 abscessu,
1028 2315 1087 2362 aut
1101 2319 1119 2364 a
1135 2318 1254 2388 grumo
1271 2291 1336 2363 solo
1355 2288 1514 2387 sanguinis
1541 2315 1639 2390 vapor
1671 2293 1771 2363 elatus
1798 2313 1937 2365 mortem

523 2395 673 2462 intentat:
697 2414 756 2461 cur
773 2417 839 2460 non
854 2384 897 2461 ab
916 2393 1050 2462 humore
1064 2394 1293 2464 melancholico
1313 2392 1616 2490 vaporelatusidem
1623 2388 1732 2461 faciem
1757 2394 1849 2462 Forte
1859 2417 1936 2462 ana-

521 2490 607 2585 logia
620 2487 664 2559 est
680 2493 761 2561 inter
779 2513 947 2586 vaporem,
972 2491 1034 2560 luis
1052 2515 1189 2564 venereae
1203 2490 1366 2570 fomitem,
1381 2497 1417 2562 δι
1433 2515 1587 2587 vaporem
1606 2515 1625 2560 a
1642 2485 1944 2561 succomelancholi·

523 2613 562 2658 uo
577 2607 636 2657 aut
651 2583 833 2658 atrabilario
851 2594 1039 2659 excitatum.
1058 2593 1136 2660 Luic
1152 2614 1287 2661 vurercae
1302 2609 1474 2661 venenatus
1490 2612 1591 2684 vapor
1609 2592 1675 2659 vim
1695 2582 1794 2659 habet
1809 2616 1874 2658 non
1897 2592 1938 2660 ad

524 2684 763 2782 dillipandum,
788 2713 854 2756 non
865 2690 905 2758 ad
915 2690 1109 2768 necandum,
1129 2684 1182 2758 scd
1194 2681 1642 2781 adaiiosquosdameffedus,
1656 2688 1752 2782 idque
1760 2713 1815 2787 per
1824 2714 1940 2784 quam-

522 2784 600 2854 dam
625 2781 874 2870 ulammaulas:
900 2791 940 2856 Et
962 2789 1023 2857 tale
1043 2804 1206 2860 'vencnum
1222 2788 1263 2857 ad
1291 2789 1391 2855 cutim
1416 2790 1450 2854 δι
1476 2778 1636 2854 musculos
1664 2806 1779 2857 natura
1799 2788 1941 2885 depellit,

522 2883 610 2953 unde
620 2882 845 2972 junblurarum
860 2887 983 2957 dolores
998 2881 1226 2983 implacabiles.
1256 2890 1300 2957 At
1317 2909 1418 2982 vapor
1432 2882 1592 2983 pestilens,
1607 2903 1666 2954 aut
1681 2909 1700 2955 a
1727 2911 1825 2982 pure,
1851 2909 1938 2958 aura

523 3004 641 3076 grumo
655 2976 815 3077 sanguinis
828 2989 979 3055 excitatur
993 2985 1118 3084 dissipat
1134 2981 1277 3084 spiritus,
1291 2991 1326 3055 &
1341 3005 1505 3082 propterea
1520 2984 1582 3053 alia
1606 2986 1749 3076 quadam
1763 2994 1942 3083 proprieta-

523 3082 555 3151 te
575 3100 684 3162 nocet,
702 3088 737 3153 δι
754 3104 889 3157 mortem
907 3088 1010 3155 aii'ert.
1027 3086 1115 3155 idem
1131 3086 1170 3154 de
1186 3082 1367 3170 menstruo,
1397 3088 1432 3151 δι
1447 3077 1559 3149 semine
1577 3100 1745 3175 corrupto,
1770 3087 1861 3174 quod
1886 3086 1943 3178 hy-

522 3178 628 3252 stericu
641 3183 841 3280 pathcmata,
865 3211 929 3255 non
946 3205 1080 3253 mortem
1100 3185 1207 3251 affert.

388 3327 419 3396 Ἰ
446 3329 478 3391 b.
574 3283 634 3350 Sed
650 3288 685 3352 δι
698 3287 779 3354 circa
794 3285 1016 3357 melancholica
1030 3282 1198 3350 accidentia
1214 3296 1433 3349 notareunum
1449 3292 1593 3374 oportet,
1618 3274 1708 3369 quod
1722 3275 1942 3373 pleriqucdo-

360 3343 488 3496 5472:
524 3379 604 3449 iores
618 3382 857 3454 melancholicos
874 3387 1063 3484 patiuntur,
1086 3402 1201 3475 quosa
1215 3378 1362 3449 catarrho
1384 3375 1443 3446 esic
1456 3393 1589 3472 putant,
1614 3380 1648 3444 δι
1669 3375 1708 3440 sic
1734 3376 1943 3468 decipiuntur

366 3503 463 3561 Maria
523 3481 630 3552 ⁴walde.
657 3482 746 3555 Nam
760 3486 800 3553 ’δι
815 3488 958 3578 origine,
983 3481 1167 3552 &curandi
1190 3482 1342 3556 varietate
1358 3476 1526 3545 differunt.
1552 3473 1718 3541 Tcnsiones
1737 3466 1939 3545 suntcircum

366 3582 500 3643 uenator
525 3576 740 3657 membranas,
760 3582 1074 3672 erqueaflatulenta
1082 3603 1181 3653 aura,
1196 3597 1253 3645 aut
1271 3579 1360 3643 tenui
1374 3572 1552 3641 admodum
1559 3574 1710 3648 materia,
1734 3575 1936 3664 quaetendit,

364 3666 500 3822 ωηο.
523 3677 882 3840 iadtqupecppodarnrriodo
894 3674 1013 3743 divellit
1028 3669 1246 3742 membranas.
1271 3667 1376 3738 Potest
1391 3674 1426 3740 δι
1451 3662 1552 3737 serum
1566 3667 1734 3761 quoddam
1761 3671 1936 3765 malignum

358 3847 503 3987 mig,
572 3852 766 3942 Observavit
780 3873 823 3942 D.
841 3870 1001 3962 Magnus,
1025 3890 1078 3940 eos
1102 3867 1229 3941 dolores
1243 3859 1447 3939 distendentes
1456 3864 1632 3961 aliquando
1646 3869 1813 3939 mulierem
1822 3891 1933 3963 quam·

366 3996 449 4069 0„ss
501 3966 599 4037 dam
616 3969 772 4039 afflixisse.
798 3974 839 4041 Et
862 3993 968 4064 quum
990 3962 1144 4040 ornnibur
1167 3971 1308 4040 remediis
1331 3987 1490 4039 tentatum
1511 3964 1638 4045 suiliet,
1665 3973 1734 4037 urii
1754 3974 1936 4061 mitigaren-

369 4085 440 4149 rt4.
524 4079 598 4146 tur,
623 4071 752 4139 tandem
770 4072 926 4140 desierunt
939 4073 971 4137 in
987 4063 1192 4141 tuberculum
1209 4062 1412 4139 cancrosum.
1441 4062 1648 4137 Admirabilis
1663 4065 1706 4136 est
1725 4068 1851 4138 effectus
1872 4068 1936 4132 hu-

415 4165 464 4230 li·
524 4170 621 4233 moris
634 4161 868 4236 melancholici.
887 4170 928 4234 Et
945 4170 1122 4237 cavendum
1142 4167 1185 4237 est
1198 4172 1351 4245 maxime,
1377 4183 1505 4235 netum
1523 4189 1629 4258 quum
1644 4166 1769 4236 dolores
1789 4164 1835 4234 isti
1859 4186 1933 4261 pre·

520 4282 638 4341 munt,
651 4277 768 4363 corpus
781 4266 985 4342 exsiccemus‚
1009 4268 1225 4362 imprudenter
1248 4261 1397 4363 persuasi,
1423 4264 1513 4360 quod
1537 4264 1606 4332 talis
1633 4265 1726 4332 dolor
1749 4262 1936 4335 allusione

521 4359 583 4430 est.
610 4365 714 4431 lmmo
738 4359 783 4431 est
806 4382 921 4464 corpus
946 4368 1050 4461 potius
1072 4365 1374 4462 contemperandum
1394 4361 1716 4434 &humeblandum
1741 4366 1781 4433 Et
1813 4364 1845 4428 in
1871 4360 1933 4429 hoc

522 4456 680 4532 falluntur
698 4460 750 4531 vel
763 4466 858 4531 etiam
873 4461 1119 4559 experientissimi
1133 4464 1292 4532 homines.
1319 4460 1418 4531 Testis
1444 4464 1550 4531 Maria
1574 4464 1734 4541 Bcrthier,
1764 4482 1838 4553 quae
1871 4459 1934 4529 hu·

522 4558 659 4630 mostata
674 4558 785 4631 melius
809 4556 942 4641 habuit,
965 4563 1067 4656 quam
1091 4564 1226 4642 siccatae
1252 4560 1405 4631 exhausto
1428 4561 1533 4630 multo
1556 4554 1641 4640 sero,
1674 4557 1934 4631 melancholicam

521 4667 669 4727 laturam
687 4659 818 4758 adepto.
845 4663 937 4758 Qid
960 4666 1045 4730 enim
1059 4664 1210 4760 impedit,
1228 4665 1309 4756 quin
1323 4661 1443 4730 humor
1456 4660 1570 4754 aliquis
1589 4663 1621 4727 in
1635 4680 1707 4729 toto
1726 4653 1840 4728 habitu
1864 4681 1933 4727 eam

523 4768 673 4826 hamram
689 4766 857 4852 acquirat,
881 4784 982 4854 quam
997 4755 1096 4830 habet
1112 4762 1311 4858 particularis
1337 4760 1469 4853 quidam
1486 4762 1517 4826 in
1545 4778 1631 4853 parte
1656 4761 1794 4829 humma
1830 4760 1870 4827 Et
1901 4759 1934 4824 in

521 4856 585 4924 hoc
607 4851 731 4925 foetam
753 4857 872 4954 decepti
896 4853 969 4925 sunt
986 4859 1103 4927 Medici
1120 4863 1154 4926 in
1171 4853 1338 4927 Damisclla
1355 4857 1397 4925 de
1420 4856 1453 4924 la
1471 4853 1643 4950 Migennc,
1667 4852 1932 4927 cuibrachiorum

520 4954 647 5027 doloro
662 4955 792 5028 aderam
812 4978 900 5053 paene
917 4954 1088 5055 arthritici3
1113 4954 1174 5026 Scd
1188 4978 1225 5026 ca
1240 4976 1346 5049 quum
1360 4948 1443 5055 senio
1459 4954 1498 5030 iu
1516 4953 1582 5025 dies
1611 4957 1775 5032 siccaretur
1795 4960 1899 5118 mag'ps
1922 4995 1934 5030 ,

1802 5073 1848 5148 qu
