4534 5850
511 468 581 541 ¹54
752 446 1580 533 rurbrnrottun

449 662 452 673 .
503 604 680 674 Kathatina
705 598 870 670 Tiennette
893 597 1000 666 laxato
1024 591 1181 677 cerebro‘,
1216 599 1251 665 δι
1287 587 1585 666 vitibusomnibus
1610 590 1792 674 insomnia
1817 621 1868 675 ea.

442 702 613 794 ,totltymia
637 704 720 769 intra
742 700 855 790 viginti
879 697 973 766 horas
996 718 1016 766 a
1040 690 1139 792 speeie
1164 694 1308 787 quadam
1334 700 1459 788 anginae
1475 693 1618 792 opprelia
1632 697 1771 769 interiit.
1796 704 1867 775 Ma-

454 803 525 872 lum
549 799 747 892 neglexerat,
771 819 826 866 nec
851 799 935 865 tanti
962 786 1115 864 arbitrata
1140 790 1199 862 est.

442 936 448 949 ·
498 895 561 968 iste
584 894 731 967 borrellus
755 898 805 966 vir
829 896 871 965 ad
896 896 975 964 Divi
999 891 1088 963 Pauli
1111 889 1242 970 aedem,
1272 912 1377 986 quum
1410 895 1520 989 primis
1552 889 1666 964 diebus
1701 897 1869 992 diligenter

443 1018 580 1079 ,auratus
603 994 676 1068 eilet
703 993 814 1078 (idest
846 992 993 1087 legitima
1025 990 1162 1062 remedia
1190 984 1338 1061 adhibita
1368 994 1489 1078 erant)
1520 992 1630 1062 dolore
1653 994 1694 1063 ad
1719 997 1807 1065 latus
1832 1001 1871 1067 sr-

444 1094 585 1167 .nistrum
610 1092 755 1173 oborto,
788 1099 822 1162 δι
847 1087 998 1184 sanguine
1022 1092 1117 1190 plane
1165 1112 1224 1158 uro
1248 1089 1418 1167 deutero,
1453 1089 1515 1159 fere
1540 1086 1671 1161 salutern
1697 1093 1870 1192 polliceba-

449 1218 542 1265 mur:
571 1190 621 1263 sed
645 1196 783 1290 torporis
806 1193 1036 1283 cacochymia,
1072 1196 1109 1260 δι
1139 1114 1236 1258 {bris
1260 1192 1375 1282 exigua
1401 1191 1575 1269 allevatio,
1609 1198 1705 1263 ctiam
1740 1215 1869 1267 tantum

450 1289 612 1388 sarrguinis
636 1291 797 1370 detratbo,
822 1286 905 1389 spem
930 1288 1069 1360 nostram
1093 1284 1224 1357 fefellit.
1259 1290 1401 1386 Septimo
1426 1290 1476 1357 die
1501 1291 1680 1362 rudimenta
1705 1315 1796 1364 erant
1819 1321 1869 1364 co-

450 1393 585 1463 trione.
610 1392 713 1463 Nono
736 1386 830 1460 sudor
855 1392 1013 1461 manavit:
1039 1411 1076 1458 ac
1101 1378 1194 1458 febris
1218 1385 1318 1455 nihilo
1342 1390 1448 1454 minor
1473 1390 1585 1482 quoad
1608 1391 1717 1469 illam,
1743 1394 1783 1463 ad
1802 1418 1867 1463 ma-

451 1516 533 1560 num
559 1495 665 1559 minor
689 1484 879 1560 videbatur.
913 1490 1020 1558 Sudor
1043 1506 1101 1557 aut
1128 1489 1233 1584 potius
1257 1485 1371 1554 mador
1396 1502 1468 1554 toto
1491 1511 1626 1586 corpore
1651 1496 1792 1563 manavit
1808 1489 1865 1562 us-

450 1612 517 1682 que
540 1589 579 1656 ad
604 1589 763 1658 decimum
788 1581 971 1683 septimum.
998 1589 1100 1678 Qtod
1124 1587 1244 1657 mitum
1270 1579 1354 1653 fuit.
1383 1586 1497 1656 Urina
1522 1583 1600 1656 boni
1626 1591 1759 1683 quidem
1785 1593 1868 1659 colo

451 1694 516 1765 ris,
542 1680 593 1754 sed
618 1686 663 1755 nil
688 1681 862 1764 subsidens,
887 1692 921 1755 δι
946 1709 985 1754 ne
1009 1691 1042 1754 in
1066 1684 1173 1754 medio
1196 1684 1328 1778 quidem
1345 1703 1498 1781 apparens
1516 1681 1673 1758 habebat:
1699 1691 1867 1759 ldemcon-

443 1789 569 1878 tigerat
593 1787 757 1854 mercatori
783 1783 1060 1863 Antiffiodorensr,
1092 1784 1131 1852 de
1163 1807 1233 1878 quo
1256 1782 1420 1878 inzprimo
1445 1798 1537 1855 tomo
1560 1787 1776 1857 Consiliorum
1810 1813 1867 1885 ιη

451 1881 607 1953 litorum.
634 1885 724 1955 Nam
752 1878 847 1953 sudor
871 1882 925 1953 iste
949 1877 1137 1970 &marsele
1153 1904 1209 1980 per
1232 1900 1340 1955 totum
1366 1902 1491 1981 tempus
1512 1879 1564 1953 sex
1588 1905 1646 1955 aut
1670 1881 1788 1984 septem
1806 1889 1869 1955 die·

449 2004 529 2051 tum
559 1983 653 2051 nullo
687 1978 833 2079 profectu
863 1985 1042 2053 manavit.
1077 1985 1234 2050 interiit.
1269 1983 1361 2053 Circa
1388 1980 1483 2051 illum
1516 2006 1636 2076 regrum
1661 1984 1731 2051 duo
1756 2007 1867 2054 notare

445 2074 1772 2274 iiiiiiiiiiiliqliilitffiliii‘giniiit‘l
1785 2083 1868 2274 nli

446 2284 558 2375 putris
583 2293 732 2377 appareti
756 2278 848 2350 Nam
871 2273 1071 2378 perturbatio
1094 2278 1124 2346 id
1151 2275 1243 2350 facit.
1270 2283 1312 2350 Et
1335 2281 1495 2375 quamdiu
1520 2297 1624 2347 inauret
1649 2270 1867 2374 perturbatio,

452 2378 580 2446 tamdiu
605 2397 711 2448 manet
735 2382 770 2448 δι
796 2379 899 2449 malus
923 2378 976 2447 ille
1002 2370 1164 2471 sanguinis
1188 2381 1294 2450 color.
1322 2383 1439 2474 ltaque
1462 2397 1567 2448 errant
1592 2374 1703 2455 forte,
1736 2382 1796 2470 qui
1821 2382 1867 2446 in·

452 2476 493 2545 de
517 2479 709 2547 occasionem
735 2471 844 2575 lirpius
865 2477 1047 2548 detrahendi
1073 2496 1226 2571 captant.
1260 2472 1417 2545 Confirsro
1441 2481 1526 2545 enim
1552 2481 1586 2546 δι
1611 2470 1811 2574 perturbatio
1834 2484 1866 2544 in

452 2568 598 2641 febribus
615 2571 806 2665 'sanguinem
830 2577 952 2642 malum
979 2569 1200 2667 repraesentat,
1236 2572 1322 2640 unde
1346 2565 1469 2640 sudoris
1501 2581 1669 2669 eruptione
1702 2572 1865 2645 defaecatur

452 2663 598 2760 sanguis,
625 2674 660 2737 δι
685 2664 810 2736 sobiam
834 2667 889 2737 ista
913 2663 1152 2762 perturbatione
1176 2688 1277 2764 purus
1303 2712 1315 2748 ,
1348 2666 1371 2735 st
1403 2667 1617 2750 detrabatur,
1644 2695 1686 2768 ap
1710 2692 1803 2742 atet.
1830 2679 1863 2740 ln

451 2788 521 2859 quo
544 2767 685 2862 plerique
710 2758 852 2836 aberrare
876 2766 1037 2834 videntur.
1066 2767 1159 2834 Dum
1182 2762 1256 2835 falsa
1280 2766 1430 2863 opinione
1456 2772 1649 2865 impuritatis
1687 2776 1832 2865 anguinis
1854 2816 1865 2851 .

450 2863 570 2957 largius
593 2864 797 2942 detrahitur,
823 2858 993 2960 spirituum
1018 2868 1054 2935 fit
1076 2860 1264 2963 ‹lillipatio‚
1297 2884 1414 2938 natura
1438 2862 1481 2938 ab
1505 2868 1649 2940 instituto
1672 2891 1866 2950 revocatur,

440 2953 485 3034 ’δι
510 2958 672 3033 secretricis
696 2958 855 3034 facultatis
879 2967 961 3037 vires
984 2965 1224 3036 effeminantur.
1252 2969 1342 3036 Nam
1367 2972 1463 3038 etiam
1485 2971 1635 3064 impurus
1659 2964 1784 3063 sanguis
1809 2967 1868 3068 spi·

448 3064 516 3132 ritu
539 3065 669 3142 vivifico
694 3058 858 3133 abundat.
884 3065 979 3159 Qid
1004 3065 1027 3133 sr
1050 3065 1146 3133 etiam
1170 3084 1273 3162 partes
1295 3085 1334 3132 to
1358 3069 1572 3134 nutriantur?
1601 3069 1700 3133 Unde
1713 3069 1868 3139 ¹videmus

450 3162 563 3232 multis
584 3169 684 3234 cuam
708 3168 743 3236 δι
767 3157 845 3234 finis
869 3157 988 3262 semper
1012 3167 1178 3259 impurum
1210 3158 1396 3255 stinguinem
1427 3163 1580 3239 detrahi,
1616 3169 1650 3230 δι
1684 3182 1795 3233 tamen
1822 3171 1870 3238 vi-

451 3279 536 3340 vunt
561 3257 642 3332 sani:
666 3263 722 3332 nin
746 3264 834 3357 quod
853 3255 1046 3331 'inmorbos
1069 3261 1197 3330 celerius
1221 3261 1387 3330 incidunt.
1424 3266 1529 3330 immo
1550 3282 1660 3354 ‘quum
1685 3261 1868 3354 aliquando

451 3362 549 3430 animi
573 3364 694 3455 gratia,
719 3364 753 3430 δι
777 3381 867 3433 metu
892 3361 1023 3450 alicujus
1048 3355 1180 3441 morbi,
1211 3361 1234 3428 sr
1258 3352 1442 3454 sanguinem
1465 3357 1586 3429 detrahi
1610 3357 1817 3438 voluerunt,
1844 3366 1869 3431 it

443 3455 783 3539 ¹etiattinunr'vitiosus
806 3459 930 3539 est,'·&
949 3455 1063 3532 tamen
1088 3452 1154 3528 sani
1178 3461 1317 3536 vivunt3
1342 3460 1469 3548 nornine
1492 3452 1629 3528 l'anltatis
1652 3450 1867 3548 largiussum-

446 3576 515 3636 so.
540 3561 652 3655 ²de
677 3559 881 3632 adulterum
903 3565 1052 3636 attinet,
1083 3559 1282 3651 quicumque
1305 3557 1370 3626 lue'
1384 3579 1513 3627 venerea
1543 3551 1798 3635 laboraverunt,
1831 3564 1866 3628 iit

453 3650 628 3723 consultius
652 3654 993 3736 netendanodorn,
1025 3663 1060 3725 δι
1093 3657 1248 3723 alexireria
1273 3676 1517 3748 nonnumquam
1550 3650 1624 3725 sunt
1654 3650 1864 3752 usurpanda,

444 3754 533 3845 ‚quia
557 3752 667 3820 residet
691 3748 810 3848 semper
833 3753 958 3844 aliquid
982 3754 1093 3824 veteris
1117 3748 1292 3821 fermenti.
1321 3753 1426 3821 lrnmo
1450 3758 1546 3823 etiam
1570 3754 1650 3826 levia
1674 3756 1804 3827 vulnera
1829 3762 1865 3827 δι

452 3848 559 3920 ulcera
582 3842 655 3917 sunt
680 3870 762 3942 aegre
785 3845 952 3921 curabilla.
1528 3892 1533 3903 ·

447 3967 471 4026 s.
500 3948 712 4044 Ququod
736 3954 769 4020 in
793 3943 912 4019 morbis
934 3941 1152 4045 quibusdam,
1183 3948 1353 4023 veirttltn
1377 3973 1484 4048 quurn
1517 3973 1582 4020 non
1606 3948 1650 4022 est
1672 3977 1864 4025 commemo·

448 4038 561 4116 rabilis
584 4043 745 4129 morbus„
761 4053 950 4121 vomitiones
972 4044 1048 4120 sunt
1070 4046 1462 4149 frequentes,‘prtel'ertim
1486 4049 1509 4116 st
1534 4052 1612 4144 quid
1638 4049 1722 4122 estur
1741 4047 1863 4130 aut'bi-

448 4137 714 4241 bitur,.··tlioqui
738 4173 805 4217 non
833 4149 995 4220 vomitur?
1022 4148 1059 4215 ld
1084 4148 1283 4245 experta-est
1294 4146 1583 4246 rlepidaquaedam
1616 4151 1796 4230 Monialis,
1822 4156 1862 4221 ’δι

449 4246 613 4313 irmumtri
631 4248 690 4318 aiii
704 4260 715 4314 '.
749 4246 786 4313 Id
819 4246 959 4316 declarat
979 4249 1197 4318 :irntationtm
1228 4247 1292 4316 otis
1312 4250 1514 4322 ventriculi!
1549 4253 1629 4320 Haet
1653 4261 1761 4323 autem
1784 4255 1863 4320 &a

417 4400 420 4407 .
450 4344 651 4440 ¹qtrantitate,
669 4349 712 4416 ,ὅτ
735 4345 934 4439 aequalitate
955 4345 1100 4415 humoris
1122 4342 1183 4415 est.

451 4485 471 4510 ,ι
505 4443 603 4512 Utor
628 4447 673 4514 D.
685 4444 837 4518 Vandolii
861 4467 967 4539 quum
992 4437 1105 4515 laisum
1128 4465 1258 4541 germen
1280 4443 1345 4533 (ut
1369 4466 1505 4521 vocatur
1528 4446 1659 4544 vulgo)
1680 4443 1859 4525 extuliillen

450 4533 561 4618 secula
584 4537 632 4613 ell-
653 4537 818 4639 fangainis
839 4545 1008 4616 immodica
1031 4549 1276 4626 exacutum-:ut
1290 4550 1368 4618 :lieri
1392 4544 1491 4628 l'olet,
1516 4555 1550 4618 δι
1564 4571 1612 4619 ut
1634 4551 1860 4621 amiotaw'mus

449 4645 559 4739 primo
582 4635 868 4718 librotnollratum
888 4644 1130 4743 ‘premeridan-
1143 4650 1241 4725 μὴ,
1265 4650 1356 4742 quod
1370 4650 1503 4718 ..mirum
1517 4652 1651 4743 magis,
1683 4667 1859 4749 etpurgata
1924 4655 1946 4728 J

452 4738 496 4809 eit
518 4741 668 4835 quadam
694 4744 846 4818 colluvies
870 4749 1010 4816 materiei
1033 4740 1196 4817 albicantis
1221 4794 1239 4824 ,.
1265 4749 1344 4817 adeo
1368 4748 1452 4816 tetri¹
1463 4726 1638 4844 gru-viique
1656 4751 1765 4820 odoris
1776 4785 1796 4838 ,ς
1824 4762 1860 4815 ut

450 4842 601 4918 eletiam
613 4842 720 4913 'valde
733 4838 898 4912 fitst'uiiofi
912 4889 923 4920 ,
948 4849 984 4914 δι
997 4844 1137 4914 ‘molesta
1150 4846 1237 4913 etet.
1252 4893 1259 4909 .
1277 4845 1385 4940 Qud
1399 4845 1472 4914 ‘lto'c
1487 4841 1563 4915 ltili
1577 4845 1679 4934 iidem
1705 4849 1741 4919 in
1759 4865 1861 4918 uxore

449 4940 691 5014 naountuier
715 4936 966 5041 postaborsum·
981 4933 1151 5033 vidimaiss
1187 4944 1238 5013 'tin
1265 4939 1343 5014 iliud
1367 4941 1446 5028 est,
1477 4937 1861 5047 quod'liippocratesin

450 5039 651 5115 Ptotthetico
675 5036 710 5142 a}
732 5036 824 5139 arna
848 5055 964 5112 votat?
1538 5089 1542 5098 -
1721 5047 1807 5113 Fon·
1848 5101 1859 5108 ..
