4534 5850
524 410 1546 498 ETEPHEMERIDUM3L15.11.
1650 440 1695 504 ῃ

321 551 515 656 aipartibus
540 560 667 627 intentis
690 557 730 625 ad
758 557 923 624 exteriores
947 577 1004 654 pet
1023 549 1174 626 sensibilia
1199 578 1360 654 corpora,
1384 555 1659 650 quemadmodum
1685 570 1745 625 aut
1761 497 1891 640 ms„
1915 550 1919 557 ’

321 657 448 752 frigus,
473 678 532 726 aut
547 660 630 751 rigor
656 655 852 753 periodicus,
876 680 940 722 non
965 652 1086 724 confert
1109 662 1145 723 in
1169 651 1320 741 ejusmodi
1340 649 1481 723 febribus
1506 658 1665 724 vomitum
1681 657 1742 722 cie·
1760 684 1809 727 cue
1822 666 1896 734 rigo·
1984 688 2000 712 ·

318 781 385 826 re.
414 761 457 827 At
479 760 512 824 in
533 757 691 851 periodicis
715 758 805 822 initio
831 747 1089 849 paroxyfinorum
1113 801 1124 832 ,
1149 751 1318 851 prasertim
1343 756 1366 821 ft
1390 751 1474 823 facile
1500 757 1626 824 vomitu
1660 756 1741 844 rejici
1759 767 1816 804 rem
1834 748 1875 802 ’θ’

323 856 410 954 posse
424 852 600 940 cmtjediura
619 853 799 948 assequare,
824 853 905 920 utile
929 851 974 919 est
999 853 1088 923 ualde
1112 856 1281 924 vomitorio
1305 855 1510 924 excretionem
1540 871 1660 921 tentare
1686 875 1741 948 per
1761 830 1873 904 mm

322 978 375 1022 os.
401 958 441 1022 Er
464 959 509 1022 ita
534 972 675 1023 veterum
701 955 823 1021 decreta
847 946 1016 1018 sancivere.
1478 997 1488 1004 .
1761 912 1881 1052 ffl's'l·

373 1054 550 1144 Delinguis
574 1053 682 1147 ampla
701 1050 745 1118 est
762 1056 921 1125 materies,
946 1044 1113 1146 praesertim
1139 1051 1230 1145 quod
1249 1054 1381 1147 pertinet
1406 1052 1446 1119 ad
1465 1052 1615 1138 iudicium
1632 1052 1671 1120 dc
1689 1046 1742 1118 fe-
1760 1008 1876 1153 ‘msto

321 1145 433 1220 bribus
447 1149 651 1219 faciundum.
680 1151 751 1216 Fere
777 1172 881 1240 quum
905 1149 1016 1240 lingua
1036 1151 1175 1218 alienum
1200 1152 1279 1243 quid
1295 1154 1327 1219 in
1359 1145 1416 1219 sese
1442 1144 1564 1230 habet,
1588 1171 1659 1218 tum
1683 1131 1741 1221 aut
1762 1164 1841 1219 initio

320 1247 435 1320 febrem
454 1245 663 1347 suspicamur,
687 1268 743 1316 aut
757 1247 904 1316 adifium
923 1248 1066 1341 aliquem
1092 1252 1233 1345 partium
1247 1255 1464 1318 internarum.
1491 1251 1630 1318 Galenus
1654 1255 1741 1317 enim
1757 1256 1840 1315 im·

319 1355 364 1419 ait
380 1353 518 1419 maxime
542 1349 677 1441 lingua,
701 1350 860 1419 &totius
884 1354 1026 1445 corporis
1049 1347 1190 1416 colorem
1214 1349 1338 1417 alterari
1351 1395 1363 1428 ,
1398 1373 1503 1442 quum
1529 1350 1626 1444 hepar
1649 1341 1741 1414 labo-
1759 1328 1864 1399 ’‘ssa''

320 1469 369 1518 rat
396 1501 403 1516 .
431 1449 489 1519 Sed
507 1472 550 1516 an
576 1446 736 1516 necessario
759 1439 878 1513 febrem
905 1445 1002 1515 adesse
1026 1446 1209 1537 fignificat,
1240 1466 1279 1516 ut
1294 1449 1418 1540 aliquid
1452 1467 1564 1544 prater
1585 1465 1737 1514 naturam
1757 1427 1842 1548 zm.

265 1554 268 1558 ”
289 1565 292 1569 ’
319 1552 349 1616 in
368 1547 479 1641 lingua
502 1553 685 1639 contingat,
709 1546 799 1639 quali
816 1567 894 1614 vero
905 1545 1018 1612 caloris
1033 1565 1142 1614 contra
1167 1563 1316 1615 naturam
1332 1549 1497 1644 proprium
1516 1547 1552 1617 stt
1572 1593 1583 1623 ,
1605 1563 1664 1614 aut
1681 1567 1739 1618 va-
1756 1509 1886 1646 am.

319 1670 460 1745 potem,
495 1664 553 1714 aut
570 1647 803 1714 exhalationem
835 1649 967 1712 excitate
997 1638 1125 1736 asegni
1140 1644 1320 1737 latentequc
1346 1647 1379 1711 in
1405 1668 1534 1739 corpore
1565 1644 1700 1711 humore
1724 1656 1738 1713 i
1758 1655 1888 1733 rioinfe·

317 1745 496 1836 Numquid
513 1765 624 1811 eorum
638 1747 698 1834 qui
725 1741 939 1833 pomeridiano
955 1735 1064 1809 ΐαιιηο
1081 1741 1271 1833 indulgent,
1296 1747 1330 1810 δι
1355 1762 1407 1819 os,
1431 1746 1465 1810 δι
1490 1743 1600 1833 lingua
1615 1741 1738 1834 aliquid
1756 1736 1867 1801 oribus.

319 1862 380 1912 aut
397 1836 571 1917 infulsum,
594 1862 650 1908 aut
667 1836 779 1913 deoida
805 1831 926 1916 habet,
949 1859 1054 1931 quum
1074 1858 1179 1908 tamen
1196 1841 1285 1907 nulla
1308 1840 1385 1908 adsit
1409 1832 1527 1908 febris?
1561 1839 1737 1933 Numquid
1757 1827 1869 1918 CM«

319 1947 354 2010 δι
374 1943 585 2104 prpoerarcs
607 1947 669 2012 ait,
694 1930 786 2005 Salfe
804 1934 946 2028 gustatui
969 1960 1104 2016 carnes,
1128 1931 1297 2034 superflua
1318 1941 1456 2008 materia
1469 1939 1614 2033 signum,
1639 1937 1736 2016 idest,
1753 1901 1892 2042 {mh

318 2033 519 2107 frsaledinis
542 2034 654 2130 gustus
666 2034 704 2101 stt
717 2037 749 2101 in
774 2057 846 2113 ore,
871 2041 1013 2105 materiei
1038 2030 1208 2131 superflua
1232 2040 1267 2108 de
1291 2040 1498 2106 excretionem
1519 2033 1563 2106 sui
1591 2040 1735 2107 indican—
1756 1983 1876 2141 {juzif

318 2141 356 2205 ris
373 2135 417 2205 est
441 2149 690 2227 argumentum?
716 2134 795 2202 Non
809 2136 952 2201 meminit
968 2127 1076 2203 febris.
1103 2136 1151 2202 Sic
1169 2159 1274 2229 quum
1300 2137 1418 2205 humor
1443 2138 1600 2207 redundat
1617 2141 1650 2204 in
1666 2159 1736 2203 cor·
1756 2154 1864 2209 verium

318 2258 415 2332 pore,
441 2232 541 2331 potest
558 2229 603 2300 sui
623 2227 754 2328 speciem
768 2225 981 2326 repracsentare
1006 2237 1039 2300 in
1054 2234 1166 2323 lingua
1186 2228 1311 2301 absente
1328 2229 1438 2303 febre:
1463 2238 1505 2302 Et
1521 2253 1627 2302 tamen
1656 2235 1735 2326 quia
1755 2232 1871 2308 hepatis

318 2336 415 2403 talem
431 2334 575 2400 humoris
597 2328 749 2398 excelsum
764 2332 907 2425 proxime
930 2330 1105 2423 aliquando
1122 2325 1266 2421 sequitur
1289 2326 1409 2407 febris,
1434 2325 1594 2400 tribuitur
1624 2332 1737 2400 altera·
1755 2315 1896 2411 ΜΨ·

317 2437 362 2501 tio
380 2432 517 2522 lingua,
542 2449 692 2498 nontam
717 2429 848 2494 humori
873 2449 977 2521 quam
1001 2422 1113 2504 febri,
1139 2428 1226 2496 &id
1254 2430 1386 2520 quidem
1410 2430 1526 2497 male.
1553 2429 1601 2499 Sic
1624 2428 1736 2523 lingua
1779 2405 1885 2492 ΒΨ

318 2533 474 2623 tingitur,
499 2548 558 2597 aut
574 2533 650 2620 quia
675 2519 768 2595 febris
791 2522 897 2606 adest,
922 2544 979 2594 aut
997 2526 1093 2612 hujus
1119 2519 1242 2596 illiusue
1269 2528 1417 2595 humoris
1447 2523 1674 2607 abundantia,
1698 2549 1737 2598 ut
1754 2494 1891 2618 zm:

317 2637 350 2700 in
366 2629 666 2725 hypochonclriaci53
691 2630 725 2694 &
750 2628 882 2718 nigricat
906 2625 1035 2717 lingua,
1060 2631 1094 2694 δι
1111 2625 1267 2693 ariditatis
1290 2620 1392 2696 sensus
1416 2631 1451 2694 in
1476 2649 1530 2696 ore
1555 2625 1661 2705 adest,
1676 2647 1734 2697 aut
1754 2645 1790 2700 lis
1810 2636 1896 2709 &nt

316 2734 397 2822 quia
413 2732 445 2795 in
470 2726 645 2797 ventriculo
661 2730 808 2888 proxime
833 2725 1011 2792 continetur
1036 2724 1156 2792 humor
1181 2774 1191 2791 .
1217 2727 1258 2794 Et
1274 2728 1484 2822 Hippocrates
1499 2733 1545 2795 ait
1570 2776 1580 2806 ,
1607 2728 1737 2820 Lingua
1754 2687 1895 2785 miceria-

316 2831 436 2895 lotium
453 2825 587 2900 indicat,
612 2824 660 2890 ide
703 2868 714 2899 ,
748 2826 820 2915 quis
845 2823 962 2890 humor
982 2825 1015 2890 in
1039 2845 1170 2921 corpore
1196 2825 1371 2894 redundet.
1409 2825 1447 2892 ld
1474 2827 1564 2919 quod
1583 2827 1697 2894 lotium
1722 2873 1734 2904 ,
1756 2810 1883 2968 2:317

1798 2915 1835 2953 r.
1884 2939 1892 2956 .

1524 3046 1609 3091 mma
1622 2975 1888 3135 generalis?

316 2922 411 3000 idest,
436 2917 538 2992 serum
553 2928 708 3016 citiusque
726 2920 868 2989 humoris
886 2917 993 2999 refert,
1018 2940 1186 3016 tamquam
1215 2919 1334 2992 facilior
1351 2946 1502 3020 paranym
1526 2925 1611 2994 hus.
1638 2928 1680 2996 Et
1695 2948 1735 2995 eo

315 3026 387 3093 loco
404 3029 506 3093 varias
521 3017 632 3121 speeies
646 3021 789 3090 c'olorum
808 3027 842 3089 in
860 3021 972 3114 lingua
988 3016 1151 3090 describit.
1178 3022 1238 3089 Sed
1255 3026 1387 3090 omnino
1403 3025 1470 3092 duo
1486 2950 1526 3092 ti

315 3124 519 3214 colligemus.
544 3123 615 3191 Aut
629 3122 739 3214 lingua
750 3120 860 3189 affecta
875 3119 919 3189 est
933 3142 988 3217 per
998 3120 1131 3189 modum
1141 3122 1286 3215 vaporis,
1303 3141 1359 3189 aut
1370 3144 1425 3218 per
1444 3123 1579 3189 modum
1588 3118 1733 3213 fuliginis
1777 3139 1897 3198 Febrem

314 3228 348 3293 δι
364 3221 592 3292 exhalationis.
614 3223 692 3290 Una
708 3214 870 3315 speciesest
885 3220 1079 3296 humoralis,
1102 3219 1199 3288 altera
1213 3240 1357 3290 nontam
1379 3217 1423 3289 est
1448 3219 1615 3289 materialis
1630 3241 1731 3312 quam
1746 3218 1894 3292 desento

312 3320 526 3389 immaterialis
539 3341 594 3414 per
603 3316 711 3384 alium
725 3337 876 3390 tutatum,
897 3320 931 3383 δι
944 3310 1224 3392 effervescentiam,
1239 3323 1284 3383 ita
1304 3338 1343 3385 ut
1357 3319 1408 3389 vel
1418 3319 1509 3386 trulla
1526 3320 1563 3385 fit
1580 3320 1730 3398 materia,
1750 3317 1850 3394 ‘'dm‘'
1859 3323 1893 3365 “⁸

312 3418 365 3492 vel
380 3416 483 3492 sisu,
506 3436 659 3509 capanea
683 3410 748 3487 est,
772 3428 830 3478 aut
842 3417 907 3496 jam
926 3409 1051 3486 exusta,
1076 3429 1113 3476 ut
1130 3434 1231 3505 vapor
1249 3415 1357 3479 nullus
1382 3416 1559 3480 excitetur.
1586 3417 1627 3481 Et
1644 3437 1731 3483 reve.
1751 3384 1878 3531 zm

312 3538 349 3586 ra
369 3514 461 3583 aliud
476 3510 537 3589 efl,
563 3512 685 3600 alteram
711 3509 853 3601 linguam
873 3508 1073 3576 materialiter
1103 3531 1159 3603 por
1182 3510 1316 3578 modum
1351 3516 1478 3608 vaporis
1500 3556 1512 3588 ,
1534 3511 1623 3582 aliud
1649 3509 1693 3580 est
1718 3558 1730 3590 ,
1755 3555 1810 3604 p„

313 3612 558 3685 immaterialiter
580 3632 636 3705 per
653 3608 789 3677 modum
806 3603 967 3700 fuliginis,
991 3612 1026 3677 δι
1041 3606 1272 3676 exhalationis.
1300 3610 1390 3677 Prius
1414 3614 1638 3707 purgationem
1673 3634 1730 3682 va·
1748 3563 1892 3700 (anselli

313 3714 558 3803 orationemque
574 3706 713 3805 postulat
720 3754 734 3790 ,
757 3704 908 3803 posterius
932 3707 1151 3776 omnimodam
1177 3708 1419 3779 alterationem.
1446 3714 1516 3803 Qi
1543 3704 1627 3778 secus
1650 3706 1727 3782 faxit
1751 3678 1893 3792 arpii.0

312 3806 409 3880 rebus
431 3810 562 3878 minime
584 3806 761 3884 hrtellebiis,
785 3811 820 3873 in
844 3800 968 3874 summa
981 3808 1182 3896 ignoratione
1200 3800 1392 3879 versabitur.
1420 3811 1507 3908 Qu
1521 3812 1630 3880 omnia
1641 3813 1728 3907 Hip-
1778 3800 1891 3874 ΠΨ*

311 3926 456 4008 pocrates
477 3905 722 4000 quodammodo
744 3904 937 4000 explicarit,
961 3897 1011 3971 sed
1028 3897 1186 3972 obscure.
1210 3908 1303 3975 Dum
1321 3910 1491 3985 enimait,
1516 3909 1654 4001 Lingua
1676 3914 1725 3980 vi-
1748 3878 1884 3980 ⁶''?'⁶⁸⁵⁰

310 4009 395 4081 rides
418 3998 566 4081 biliosa,
591 4006 755 4073 materiam
772 4004 945 4095 fignificatt
969 4025 1075 4096 quum
1092 4005 1151 4070 aits
1178 4005 1283 4073 Arida
1300 4028 1319 4074 a
1344 3999 1509 4098 fuliginoh
1532 4005 1694 4075 exustione
1710 4053 1722 4085 ,
1737 3963 1889 4099 *3:³⁴⁸*-

314 4103 466 4206 posterius
478 4105 664 4196 linguarum
677 4102 884 4176 alteratamm
901 4123 1002 4193 genus
1025 4103 1176 4200 graphice
1198 4096 1361 4173 describit.
1390 4108 1531 4175 Maxime
1556 4128 1633 4177 vcro
1655 4128 1723 4175 ma
1736 4064 1892 4195 fiam

307 4210 404 4281 reiks
426 4204 535 4296 aliqua
548 4204 581 4269 in
594 4202 704 4293 lingrm
729 4205 764 4269 ie
785 4194 935 4276 dentibus
958 4223 978 4269 a
1000 4222 1119 4296 paret,
1142 4224 1286 4293 quuma
1309 4204 1411 4274 calore
1434 4226 1584 4277 extranco
1607 4209 1722 4277 excita,
1744 4215 1846 4273 zeum

313 4323 369 4375 tur
384 4325 502 4400 vapor.
528 4301 631 4392 Qrod
645 4304 678 4372 de
693 4301 902 4463 Hippocrates
926 4224 1047 4375 scribit,
1072 4301 1152 4367 dum
1170 4304 1236 4369 ait:
1261 4298 1391 4396 Quibus
1414 4307 1446 4374 in
1473 4299 1616 4374 febribus
1640 4307 1721 4374 circa
1739 4294 1848 4355 ‘W

313 4405 420 4473 (loires
443 4401 579 4469 lentores
602 4397 736 4491 quidam
766 4415 844 4474 unt,
871 4401 908 4465 iis
931 4394 1026 4468 fortes
1048 4392 1147 4466 febres
1171 4403 1271 4469 hunt:
1298 4404 1486 4472 Declaratur
1500 4411 1584 4473 enim
1611 4409 1644 4470 δι
1669 4426 1723 4471 ca·
1741 4377 1837 4476 ‘³⁰3⁰'

312 4502 388 4572 loris
406 4498 605 4575 multitudo,
624 4500 660 4565 ἃ
697 4496 884 4564 ituitofioris
906 4496 1047 4570 humoris
1072 4502 1165 4589 copia
1177 4543 1189 4576 ,
1213 4522 1231 4565 a
1255 4520 1320 4589 qua
1346 4501 1461 4571 crassus
1480 4525 1582 4599 vapor
1612 4455 1875 4613 excita-1⁷:352,

313 4621 388 4676 tur,
412 4600 471 4691 qui
488 4596 647 4665 reliceatus
721 4594 774 4661 rili
792 4594 895 4664 calore
918 4598 999 4664 eirca
1030 4596 1136 4663 denum
1169 4590 1202 4660 πὶ
1224 4590 1423 4673 accisam&
1455 4596 1552 4669 facit.
1585 4599 1724 4666 Tametsi
1739 4558 1788 4612 μ
1810 4561 1844 4600 ⁶⁴
1873 4583 1883 4600 ⁰

312 4695 540 4808 enim'humor
560 4697 594 4763 in
618 4693 795 4791 precordiis
817 4692 988 4771 redundet,
1012 4694 1064 4764 uix
1080 4714 1198 4785 magna
1222 4697 1312 4791 copia
1336 4700 1489 4767 excitatur
1513 4718 1639 4791 uapor,
1666 4698 1725 4788 qui

313 4795 475 4873 ᾶξμλογκ
497 4792 642 4885 linguam
667 4794 820 4872 indiciae,
843 4791 901 4860 nist
926 4791 1013 4864 calor
1035 4811 1146 4861 contra
1170 4812 1321 4863 naturum
1345 4797 1421 4864 adiit
1441 4843 1452 4871 ,
1476 4799 1535 4887 qui
1561 4795 1725 4859 materiam

315 4896 433 5001 agitet·
464 4891 562 4961 Unde
579 4883 732 5001 pictisque
746 4884 823 4964 sanis
840 4912 931 4967 mane
944 4884 1014 4996 sepe
1032 4914 1052 4962 a
1067 4886 1177 4967 sermm
1192 4894 1351 4970 excitatis,
1374 4890 1497 4987 aliquid
1522 4878 1730 4964 redamatu

1535 4994 1681 5073 apparet.
