4534 5850
593 476 636 549 ts
725 431 730 441 ’
836 467 1667 551 urrurnrortrtrn

538 612 680 710 patient,
703 602 954 708 phlebotomiam
971 598 1176 675 hortabatur.
1202 607 1275 678 Nos
1290 600 1478 686 revocabat,
1501 624 1559 679 aut
1565 610 1674 707 potius
1682 599 1724 677 ab
1732 599 1966 680 irrilitutoavo-

457 766 468 819 ι
540 705 637 781 tabat
651 705 779 806 pulsus.
805 711 928 778 Tamen
952 723 991 773 ut
1014 706 1147 775 audaces
1163 701 1294 776 fortuna
1306 714 1419 796 juvat,
1442 711 1598 801 quoniam
1622 707 1662 776 ad
1681 700 1965 803 istampulsusim·

436 767 486 875 ²⁹.
541 814 775 887 mutationem,
800 800 1034 876 formidabilem
1057 804 1178 882 hercle,
1201 801 1428 885 concurrebat,
1451 827 1564 904 prater
1587 800 1758 903 spirituum
1784 805 1964 901 quamdam

545 907 762 984 messionem,
786 913 820 975 δι
852 902 1046 1002 phlogosrs,
1078 908 1113 971 δι
1144 904 1343 1070 cacoelpmia
1371 904 1490 995 [unde
1520 900 1709 1004 spiritibus,
1741 911 1804 998 qui
1836 927 1911 1003 apte
1936 898 1966 969 ni

545 1004 664 1092 ἱρμιῖντα
690 1006 910 1105 appellantur,
934 1002 1089 1094 quonlam
1112 1025 1229 1100 eorpus
1258 998 1368 1074 ursum
1390 999 1601 1100 deorsumque
1616 1030 1682 1074 non
1706 1001 1808 1100 potest
1831 1001 1967 1073 illustra·

546 1106 595 1184 ri,
619 1105 677 1173 nisi
701 1109 733 1178 vi
756 1102 899 1199 quadam
922 1101 964 1169 ad
996 1120 1099 1198 partes
1123 1101 1275 1180 affluant,
1308 1111 1362 1175 via
1397 1111 1432 1174 dt
1467 1103 1667 1199 ingrediundi
1698 1103 1966 1196 regrediendique

547 1201 681 1301 potestas
698 1195 935 1298 denegabatur)
953 1200 1078 1268 aderat.
1104 1202 1178 1269 Hac
1193 1196 1341 1281 subacta,
1367 1198 1427 1272 usu
1450 1205 1687 1281 medicamenti,
1713 1207 1867 1300 &aperta
1876 1223 1966 1275 verra,

547 1296 658 1398 pulsus
674 1306 770 1401 coepit
787 1302 915 1379 melior,
941 1303 976 1366 δι
998 1299 1176 1369 ordinatior
1189 1299 1265 1370 elle.
1293 1301 1346 1370 Sic
1372 1301 1514 1373 Medicos
1537 1297 1613 1400 stpe
1629 1304 1722 1400 preci
1745 1305 1862 1372 itanter
1885 1302 1966 1370 timi-

549 1401 609 1469 dos
627 1400 684 1472 elle
704 1423 797 1499 turpe
812 1398 871 1469 cst.
898 1401 1016 1492 Qtum
1033 1401 1130 1496 coepit
1146 1401 1270 1477 valere,
1293 1423 1382 1479 cccc,
1406 1423 1443 1469 ac
1467 1403 1489 1470 sr
1509 1402 1704 1495 gonorrhma
1723 1327 1906 1478 laboraret,
1918 1422 1968 1471 ve·

552 1497 603 1568 lut
616 1492 818 1598 spermariea,
842 1503 875 1568 &
894 1497 1068 1599 purulenta
1084 1503 1216 1568 materia
1233 1520 1287 1593 per
1303 1523 1414 1599 penem
1438 1503 1616 1595 egreditur.
1643 1500 1805 1571 Nondum
1829 1522 1968 1598 comper·

552 1614 625 1666 tum
642 1597 687 1669 est
702 1600 782 1695 quid
797 1597 869 1667 inde
883 1597 1022 1667 evertite.
1049 1600 1220 1688 lgnoratur
1234 1619 1276 1664 an
1291 1592 1504 1670 imbecillitate
1536 1594 1685 1671 rasorum
1710 1594 1968 1698 spermaticorum

554 1697 587 1765 id
603 1699 676 1778 fiat,
699 1721 742 1767 an
769 1691 860 1766 saniei
884 1695 921 1764 iit
945 1697 1032 1764 velut
1050 1700 1158 1765 critica
1177 1701 1332 1778 excretio,
1355 1721 1396 1789 arr
1412 1697 1487 1769 verb
1511 1701 1677 1794 inquinata
1692 1699 1826 1768 muliere
1851 1721 1968 1791 gonor-

552 1795 679 1867 rhoeam
691 1801 900 1866 contraxerit.
928 1796 980 1863 An
1004 1787 1155 1864 abscessus
1179 1814 1311 1892 ruptus.
1339 1797 1460 1866 Mulier
1485 1794 1558 1867 falia
1571 1794 1616 1866 est
1640 1791 1670 1867 se
1693 1799 1832 1867 fluorem
1858 1796 1971 1866 mulie-

555 1889 647 1964 brem
665 1895 843 1989 allquando
859 1898 944 1992 pati.
973 1896 1026 1962 An
1049 1918 1116 1965 non
1141 1901 1251 1966 virum
1274 1898 1527 1990 congredientem
1545 1899 1671 1969 inficere
1679 1895 1803 1996 potest?
1827 1892 1971 1967 Horror·

555 1993 638 2062 taffis
654 2013 823 2087 noruvacat
836 1987 1052 2061 dubitatione.

601 2085 766 2185 Pietasque
784 2089 923 2168 vidimus
941 2090 1086 2164 mulieres
1102 2098 1138 2164 δι
1153 2099 1255 2173 viros,
1299 2097 1333 2163 ui
1351 2114 1435 2164 cerro
1450 2095 1664 2174 affirmarent,
1686 2089 1795 2163 ideose
1808 2100 1974 2189 experien-

555 2194 600 2262 tia
626 2184 870 2290 deprehendille,
893 2189 986 2280 quod
1010 2194 1223 2263 ventriculum
1248 2119 1401 2264 nllxrenr
1427 2195 1517 2265 valde
1544 2190 1760 2270 imbecillum,
1785 2197 1819 2261 &
1844 2191 1918 2261 laedi
1926 2189 1974 2261 fa-

413 2350 453 2406 A
468 2359 532 2407 m·
553 2292 662 2372 eilem,
685 2291 838 2385 quoniam
852 2289 983 2358 murina
1006 2292 1163 2362 occasione
1178 2295 1221 2362 eis
1238 2292 1329 2365 alvus
1351 2288 1542 2371 solveretur,
1575 2300 1610 2366 δι
1634 2294 1709 2364 talia
1741 2293 1975 2367 redderentur,

391 2363 487 2493 {m‘o
556 2390 667 2486 qualia
684 2389 817 2460 assumta
837 2385 949 2457 ellent.
975 2391 1044 2484 Qi
1061 2392 1190 2462 affestus
1209 2417 1276 2460 non
1291 2391 1469 2471 lelenteria,
1484 2387 1534 2462 sed
1553 2397 1679 2492 proprie
1693 2383 1825 2458 uarias
1857 2391 1974 2458 dicitur

390 2507 536 2574 rimi·
557 2487 600 2560 ab
614 2493 824 2590 Hippocrate.
853 2491 897 2557 Ar
911 2509 1036 2567 errant,
1062 2517 1137 2561 nam
1151 2491 1303 2569 laelium,
1330 2497 1364 2561 &
1389 2486 1558 2560 mesenterii
1575 2514 1729 2564 venarum
1756 2485 1900 2582 angustia
1916 2489 1975 2556 hoc

393 2591 496 2672 visne
560 2584 637 2684 sape
658 2585 747 2657 facit.
772 2587 862 2654 Nam
877 2608 983 2678 quum
998 2591 1108 2657 multis
1135 2583 1192 2658 sese
1209 2585 1351 2660 obruant
1365 2583 1461 2668 cibis,
1485 2609 1542 2658 aut
1560 2591 1621 2658 stne
1633 2591 1766 2668 ordine,
1789 2607 1848 2658 aut
1872 2588 1971 2680 liqui-

394 2697 491 2778 quens·
557 2681 723 2761 dioribus,
746 2679 836 2751 facile
859 2685 1017 2762 edluunt,
1042 2692 1077 2756 δε
1102 2680 1147 2755 ob
1161 2689 1331 2760 laevitatem
1363 2687 1600 2768 intestinorum,
1625 2683 1680 2757 seri
1704 2687 1848 2785 copiam,
1883 2677 1979 2754 men-

393 2776 537 2901 pensus.
560 2790 719 2854 raicarum
735 2785 989 2863 coruriventiam,
1015 2810 1079 2854 non
1103 2790 1148 2854 ita
1172 2787 1342 2860 difficulter
1365 2788 1475 2867 alvus,
1499 2790 1605 2857 omnia
1629 2811 1705 2881 qua
1730 2785 1865 2855 ailumta
1892 2778 1975 2859 sune,

394 2859 529 2985 affl,
560 2884 680 2955 reddit.
707 2883 873 2964 Praeterea,
897 2881 1099 2957 horatiorum
1114 2881 1283 2959 basinum
1299 2881 1392 2971 usus,
1407 2891 1441 2959 &
1457 2893 1667 2959 acetariorum
1692 2885 1731 2956 ad
1756 2884 1975 2983 idplurimum

395 3026 450 3066 m
472 3024 522 3066 „-
560 2981 652 3054 saeit.
678 2983 1003 3078 praeterquamquod
1021 3010 1127 3083 quum
1155 2982 1340 3068 abundent,
1373 2990 1510 3055 maxima
1540 3004 1710 3084 exparte,
1742 2985 1846 3052 oalore
1878 2983 1978 3059 aeri,

393 3092 475 3163 ruit·
562 3089 663 3175 major
675 3082 815 3152 alimenti
833 3103 905 3178 pars
922 3106 1051 3156 eorrum
1076 3089 1156 3157 itur.
1221 3113 1302 3157 num
1327 3090 1412 3156 enirn
1435 3082 1540 3151 roffio
1564 3082 1721 3151 elixationi
1748 3081 1853 3148 surrilis
1877 3082 1980 3163 srt‚ea

562 3210 630 3254 non
646 3184 683 3252 fit
704 3205 723 3251 a
745 3181 849 3251 calore
873 3183 950 3253 sicco
975 3193 1009 3258 δι
1047 3188 1199 3280 qnalido,
1236 3189 1273 3257 ed
1295 3209 1314 3253 a
1339 3197 1529 3276 temperato,
1554 3181 1601 3246 air
1619 3179 1777 3247 Galenus.

611 3286 681 3375 qu
705 3284 761 3362 fit,
786 3301 824 3351 ut
846 3303 884 3350 ex
902 3280 1170 3366 febricitantibus,
1195 3288 1250 3357 alii
1272 3285 1327 3352 diu
1340 3273 1507 3356 laborent,
1530 3277 1587 3348 alii
1605 3299 1682 3350 vero
1697 3296 1781 3350 non,
1805 3277 1980 3345 tametliin

460 3446 476 3507 ὃ
561 3379 704 3478 utrisque
726 3399 847 3464 tentata
870 3380 907 3453 s1t
922 3388 1101 3463 evacuatio,
1127 3411 1148 3457 a
1171 3410 1240 3481 qua
1263 3378 1380 3454 solutio
1394 3371 1499 3448 morbi
1521 3381 1643 3449 evenire
1668 3378 1796 3543 potuit?
1830 3373 1921 3439 Inter
1934 3396 1986 3443 oe-

398 3456 457 3509 m'
478 3468 542 3589 'm
563 3502 644 3555 teras
667 3485 711 3553 rei
735 3484 832 3571 hujus
854 3481 960 3556 causas
983 3488 1050 3557 haec
1064 3511 1129 3557 una
1145 3488 1246 3556 afferri
1271 3479 1392 3581 potest.
1427 3477 1572 3575 Qidam
1598 3478 1701 3547 mori
1726 3465 1906 3563 sequuntur
1929 3463 1985 3537 rdo'

397 3552 512 3689 l'l'lu.
565 3578 720 3661 watien,
742 3583 796 3673 alit
819 3578 995 3661 amylum,
1019 3579 1200 3667 ptffiunn.
1225 3577 1395 3650 a'nioxnn
1417 3621 1429 3652 2
1452 3569 1703 3659 'ammes‘
1727 3562 1878 3638 morbum
1906 3572 1984 3662 ‘lul‘

401 3705 448 3757 ,μ
470 3735 479 3765 ,
507 3686 542 3758 ό·
564 3679 638 3746 dem
651 3680 775 3748 inducit
787 3678 1021 3753 vehementem,
1045 3671 1209 3749 subitum,
1234 3669 1284 3740 sed
1297 3696 1373 3738 non
1388 3671 1599 3735 diuturnum:
1625 3672 1704 3759 quia
1719 3660 1753 3733 su
1778 3666 1980 3765 prell'oeolle,

399 3777 530 3837 breviu-
568 3773 688 3866 &oque
705 3772 839 3841 humore
850 3763 1025 3850 secedente,
1049 3765 1184 3842 solvitur
1197 3762 1348 3836 morbus.
1373 3765 1444 3856 Sed,
1458 3786 1563 3858 quum
1588 3758 1716 3844 &libam
1733 3691 1794 3846 el,
1819 3771 1853 3838 &
1879 3757 1985 3845 ninere

400 3862 440 3921 η’*
456 3876 525 3916 ‘⁴⁸‘
567 3872 699 3950 enixi,
722 3875 756 3940 in
781 3868 924 3939 multum
946 3890 1072 3967 tempus
1097 3868 1284 3968 producitur
1300 3857 1450 3934 morbus.
1979 3885 1982 3890 ·

397 3944 455 4081 ᾖ
473 4020 507 4077 ,e
615 3970 719 4040 &etio
741 3992 893 4043 venarum
918 3983 999 4069 poue
1022 3989 1112 4039 aures
1136 3962 1321 4037 infecundos
1340 3960 1434 4046 facit,
1458 3962 1650 4035 austoritate
1668 3966 1821 4065 Hippocr.
1839 3964 1986 4058 Qidam

402 4044 467 4163 ὦ
487 4094 524 4167 ό.
570 4094 637 4138 non
652 4088 767 4167 putant
792 4070 825 4138 id
839 4072 926 4148 fieri,
950 4070 1040 4163 quod
1054 4089 1074 4137 a
1086 4060 1215 4137 cerebro
1231 4088 1348 4160 magna
1356 4056 1524 4163 spirituum
1532 4068 1623 4162 eopia
1636 4063 1737 4142 fluat,
1762 4059 1984 4162 sedquoniam

402 4183 486 4248 locis.
571 4163 704 4237 sefflone
718 4169 775 4237 ista
788 4190 943 4238 venarum
968 4161 1133 4238 cerebrum
1146 4169 1197 4236 iit
1219 4162 1383 4258 frigidius,
1414 4167 1456 4234 dc·
1484 4163 1555 4231 ideo
1577 4155 1706 4259 spiritus
1732 4165 1897 4243 animales,
1925 4161 1987 4255 qui

571 4291 637 4336 una
659 4291 735 4337 eum
749 4273 868 4338 caetris
880 4269 925 4337 acl
941 4262 1044 4337 semen
1059 4267 1240 4365 prolificum
1268 4262 1455 4335 faciundum
1474 4281 1657 4331 concurrere
1680 4256 1815 4340 debent,
1840 4258 1878 4331 fri
1904 4261 1989 4330 rum

409 4364 527 4465 Ulpia
573 4368 734 4436 resfiunt.
761 4361 902 4437 Notabis
916 4386 1049 4461 quoque
1071 4367 1173 4435 alium
1197 4364 1326 4447 locum,
1350 4366 1383 4432 in
1407 4384 1476 4456 quo
1501 4363 1712 4458 Hippocrates
1745 4354 1852 4430 scribit
1878 4283 1989 4428 scetio-

408 4453 477 4510 'm‘
497 4467 530 4507 ⁸²⁸
574 4488 648 4535 nem
663 4487 818 4538 venarum
840 4474 875 4535 in
900 4466 1046 4537 malleolo
1068 4462 1328 4536 infecunditatem
1353 4464 1476 4532 afferre.
1506 4460 1586 4529 Vide
1619 4484 1661 4530 an
1698 4461 1759 4530 hoc
1783 4462 1820 4528 srt
1852 4481 1988 4530 verum.

405 4533 514 4672 ΜΤ
531 4642 548 4659 ,
626 4567 740 4639 Servus
754 4569 886 4636 Domini
902 4568 1019 4640 Povart
1032 4573 1096 4657 iam
1120 4559 1162 4634 ab
1174 4587 1260 4635 anno
1274 4586 1331 4635 aur
1349 4561 1458 4659 paullo
1471 4562 1561 4657 plus,
1581 4561 1729 4651 indigitis
1746 4558 1989 4648 manusdextrae

406 4636 552 4775 κρέξ,
574 4664 722 4734 dolorem
735 4659 805 4734 satis
820 4660 965 4761 fugacem
983 4660 1089 4736 fintit.
1116 4666 1242 4734 Deinde
1260 4687 1331 4763 pars
1345 4663 1449 4749 velitri·
1469 4679 1561 4727 motu
1585 4658 1724 4726 tremulo
1740 4663 1780 4727 ⁴&
1802 4655 1991 4728 convulswo

411 4784 496 4860 cipio.
537 4761 548 4774 ’
577 4779 720 4834 tenetur:
744 4763 900 4833 Dolorem
916 4786 993 4835 tune
1018 4758 1047 4832 st
1072 4769 1103 4832 in
1127 4764 1222 4831 corde
1238 4758 1347 4832 sentire
1365 4775 1476 4857 purat,
1500 4757 1591 4850 quast
1615 4756 1735 4825 humor
1758 4759 1798 4825 ad
1829 4760 1994 4827 ventricu-

568 4865 650 4934 lum
669 4863 824 4935 divertat.
851 4862 1055 4931 Postmodum
1072 4860 1177 4929 relicta
1194 4880 1283 4954 parte
1296 4862 1423 4934 dextra,
1447 4850 1550 4941 neseio
1574 4856 1656 4950 quid
1672 4854 1758 4925 dolet
1775 4860 1810 4923 in
1834 4843 1963 4923 sinistris
1976 4864 1999 4942 ¹,

487 5009 492 5040 ,ι
571 4960 1090 5062 ·tn1u'mrpalpitat.l’dmum
1120 4953 1273 5059 iibtmsc
1304 4941 1627 5057 repeterentur.
1661 4956 1834 5032 Autumno
1866 4958 2000 5065 meante

718 5131 726 5142 .
1015 5071 1036 5122 ‘·
1114 5097 1116 5102 ·
1830 5074 1946 5132 omniu
