4534 5850
573 489 640 558 ¹5²
850 451 1682 535 EPIDEMIORUM

516 617 581 688 otis
599 631 740 712 oportet,
764 609 839 680 licet
857 614 1000 682 materia
1017 634 1079 680 non
1096 612 1274 696 educatur,
1298 614 1338 689 (h
1363 632 1519 702 magnum
1542 602 1680 679 dolorem
1699 622 1761 672 non
1782 601 1906 690 inferat
1932 616 1947 677 2

519 719 609 784 Item
629 716 705 782 litus
722 729 767 779 tu
783 704 985 804 hydrargyro
1002 707 1147 796 confert,
1171 731 1209 782 ut
1223 705 1445 783 annotabimus
1467 713 1502 778 in
1521 698 1742 802 sequentibus.

519 872 521 877 .
573 836 608 897 4.
635 813 765 878 Revera
783 826 856 875 erat
873 804 935 876 hac
952 810 987 877 in
999 827 1096 900 parte
1114 813 1236 901 apertio
1252 810 1431 903 faciunda,
1454 831 1489 878 to
1512 809 1603 878 modo
1629 828 1689 897 quo
1701 798 1832 890 felium
1849 799 1895 890 ιβ
1911 804 1948 872 in

520 905 832 993 fosuoreD.Guillon,
856 927 955 998 quam
974 908 1108 973 curavit
1134 910 1182 977 D.
1195 911 1362 987 Dentur,
1387 909 1501 1002 dequo
1521 907 1649 977 ditetur
1662 906 1698 970 in
1718 896 1943 994 loquentibus.

582 1030 612 1098 5.
637 1003 775 1097 Difficile
788 999 832 1084 est
844 1004 936 1070 circa
948 1001 1055 1097 pub'us
1067 1004 1252 1089 judiciem:
1274 1009 1313 1082 ό*
1329 1029 1446 1097 magno
1464 1003 1681 1097 egrotantium
1697 1001 1898 1072 incommodo
1910 1002 1948 1072 in

524 1100 588 1192 'ssa
605 1100 738 1172 heretur
756 1098 959 1192 dffeultate.
986 1107 1087 1169 Prout
1112 1108 1198 1174 enim
1218 1105 1348 1200 quisque
1373 1106 1504 1173 variam
1532 1097 1626 1174 habet
1649 1103 1692 1170 de
1718 1101 1811 1192 pulsu
1830 1101 1952 1195 opinio-

524 1224 626 1280 nem,
649 1202 698 1267 ita
711 1205 807 1267 varie
826 1220 937 1293 eorpus
961 1218 1108 1290 egrotum
1126 1225 1283 1275 exercet.
1309 1207 1351 1273 Si
1369 1203 1520 1272 validum
1535 1201 1660 1297 pub'um
1672 1199 1721 1272 ‘ch‘
1746 1198 1854 1267 altum
1873 1202 1950 1270 essi-

517 1297 657 1386 stimat,
671 1299 772 1365 aliam
788 1296 1015 1366 indicationem
1037 1301 1113 1369 inde
1126 1301 1247 1390 sumit,
1268 1304 1372 1372 aliam
1382 1301 1417 1391 β
1437 1305 1535 1371 aliter
1560 1300 1688 1389 affelius
1700 1293 1773 1384 fit.
1797 1303 1842 1364 Et
1858 1293 1949 1385 forte

375 1484 381 1501 ι
526 1393 604 1468 buit
616 1393 727 1491 pulsus
747 1396 880 1462 validus
897 1397 1051 1478 videtur,
1075 1401 1162 1490 quod
1173 1398 1400 1488 sutissortiter
1416 1398 1519 1493 pulset
1537 1401 1689 1475 arteria,
1711 1416 1813 1488 quum
1839 1414 1950 1466 tamen

376 1542 380 1569 ·.
463 1537 466 1541 .
523 1495 607 1567 talis
625 1517 687 1563 non
696 1490 760 1578 stt.
786 1497 886 1559 Prout
907 1495 992 1562 enim
1011 1494 1154 1583 affeilum
1171 1495 1216 1583 ιβ
1231 1497 1498 1583 instrumentum,
1520 1500 1570 1565 ita
1589 1497 1683 1567 aliud
1703 1495 1870 1578 judicium
1887 1494 1950 1582 effe

401 1657 403 1660 .
523 1591 618 1686 solet.
645 1598 732 1661 Item
749 1612 850 1684 quum
869 1593 1167 1685 applicatiomanus
1180 1595 1385 1686 fitdiversa,
1410 1613 1469 1663 out
1486 1598 1720 1689 comprimens,
1743 1606 1803 1659 aut
1818 1589 1949 1683 suspen·

514 1690 580 1784 *fle
604 1709 663 1759 Μ
678 1690 872 1781 Mdflflt'ss
896 1693 944 1758 ita
960 1692 1060 1760 varia
1074 1693 1116 1760 dt
1131 1693 1227 1786 pulsu
1246 1693 1290 1782 ιβ
1303 1698 1420 1788 opinio.
1447 1697 1516 1764 Hic
1546 1695 1701 1763 Medicus
1732 1690 1915 1780 comprimit
1937 1735 1951 1768 ,

423 1803 443 1879 χ
526 1791 569 1864 eb*
590 1790 714 1858 arteria
731 1784 901 1879 eompreffa
915 1790 1018 1857 aliam
1030 1787 1139 1881 puhus
1159 1794 1269 1863 ideam
1288 1791 1407 1880 refert.
1439 1794 1504 1862 Ille
1525 1792 1680 1861 Meiros
1692 1787 1858 1879 suspendit
1877 1808 1949 1855 ma-

363 1902 386 1952 -ῑ
444 1881 465 1981 ἱ.
525 1910 629 1967 nam,
648 1883 796 1958 eamdem
818 1890 1173 1980 arteriamcontingens
1191 1892 1256 1965 ,eb
1275 1894 1399 1961 arteria
1412 1874 1515 1962 albuni
1541 1890 1666 1986 pulsum
1679 1880 1803 1956 babet.
1830 1888 1950 1980 Itaque

382 2003 410 2078 Α·
464 2009 480 2077 *3
525 2008 592 2054 non
609 2002 729 2054 temere
743 1983 778 2049 in
795 2004 835 2051 ια
848 1981 999 2076 pulsuum
1014 1989 1154 2056 materia
1171 1988 1369 2078 versandam
1385 1987 1448 2059 ιβ.
1786 2025 1790 2032 ,

359 2094 389 2125 ··
478 2090 502 2139 ³2
584 2088 617 2148 6.
642 2087 728 2151 Item
740 2078 851 2171 soniis
867 2079 911 2165 eli
927 2078 1056 2151 bidoria
1075 2091 1116 2151 F.
1138 2084 1315 2158 Michaelis
1332 2089 1580 2167 Sammartini,
1602 2087 1638 2153 iu
1697 2110 1717 2153 o
1745 2081 1954 2177 leipothymiu

368 2246 396 2282 A·
491 2150 671 2275 bpretefflt
679 2176 808 2266 febrem
824 2176 996 2267 instgmm,
1013 2180 1153 2271 &genu
1169 2203 1348 2257 tumorem.
1377 2190 1510 2260 Medici
1525 2188 1631 2255 territo
1646 2107 1710 2250 hh
1723 2182 1952 2274 symptomatis

382 2336 388 2353 x
422 2338 424 2343 .
527 2279 577 2355 ad
593 2281 749 2445 tardabam
762 2295 957 2368 properant,
985 2302 1084 2372 quum
1100 2285 1207 2375 petius
1236 2282 1293 2356 ad⁴
1310 2311 1466 2384 purgans,
1480 2287 1752 2356 meditamentum
1771 2277 1880 2354 batim
1908 2274 1955 2366 stt

392 2402 404 2452 ς
526 2397 652 2459 venenu
698 2400 732 2444 m
745 2401 765 2444 ,ι

366 2507 371 2518 ·
580 2499 613 2561 7.
640 2471 819 2568 Dr'fftultas
836 2475 942 2545 inerat
950 2478 1119 2571 spirandi.
1146 2488 1251 2573 Ctojus
1268 2488 1366 2579 eausa
1383 2510 1445 2556 non
1463 2503 1534 2554 tam
1551 2505 1627 2556 erat
1643 2483 1680 2551 in
1696 2483 1846 2578 pulmone
1870 2472 1953 2570 ipso»

460 2586 462 2591 '
525 2580 628 2669 ‘quam
644 2575 679 2639 in
697 2575 824 2662 regione
845 2570 966 2666 hepatis
982 2595 1039 2644 aut
1060 2581 1171 2652 lienis.
1193 2593 1236 2652 Et
1254 2591 1338 2682 quod
1354 2586 1444 2654 initio
1457 2578 1606 2670 febrium
1619 2599 1678 2651 aut
1697 2584 1920 2651 continuarum
1939 2617 1953 2649 α

530 2689 592 2738 aut
616 2672 898 2739 intermittentium
918 2673 1055 2763 nauseo,
1080 2681 1260 2775 dyspnoea,
1276 2685 1365 2773 steca
1384 2678 1499 2772 osefis,
1535 2676 1664 2757 dulus,
1693 2676 1914 2774 pandsetrlatio
1938 2717 1950 2745 t

525 2765 740 2863 [uppreffioeb
753 2769 893 2864 ephialta
902 2769 1024 2863 species
1032 2776 1201 2850 inducitur
1210 2810 1223 2850 :
1246 2787 1296 2853 ita
1305 2783 1341 2871 st
1353 2798 1501 2851 movetur
1510 2782 1670 2856 materia,
1690 2779 1728 2851 eb*
1747 2780 1953 2871 speciesque-

529 2867 610 2939 Μ
618 2863 726 2958 febrit,
742 2867 996 2958 intusfovetur‚
1013 2881 1191 2967 quamdam
1199 2879 1413 2975 dsfftultatem
1428 2877 1579 2973 spirandi
1588 2875 1700 2967 efferre
1712 2873 1832 2972 peresi,
1856 2891 1955 2966 quam

529 2984 592 3035 rtet
608 2967 656 3037 ad
668 2966 855 3038 catarrhum
864 2967 1091 3057 sffcantem,
1115 3002 1174 3047 nec
1191 2981 1237 3050 ad
1245 2984 1365 3050 vitium
1373 2980 1562 3074 pulmonum
1572 2973 1695 3059 rsp‘erre
1713 2971 1861 3042 deberem
1875 2971 1957 3038 ‚Fi0

530 3064 595 3132 iius
619 3068 761 3136 Antonii
774 3052 947 3145 Reuereau
957 3067 1197 3169 Pharmacopoei
1215 3075 1388 3148 videbatur
1401 3073 1530 3163 casurus
1548 3074 1583 3138 in
1593 3069 1651 3138 has
1669 3071 1841 3159 affeliiones
1852 3063 1959 3136 ortho-

435 3230 441 3243 .,
528 3164 683 3257 pnoieas,
701 3168 740 3236 de
760 3162 936 3263 quihushoe
945 3170 1026 3250 loto.
1054 3173 1218 3266 Dyspnoea
1235 3193 1330 3253 erat,
1354 3174 1393 3246 cb
1413 3163 1641 3241 obaudiebatur
1648 3164 1804 3258 strepitus
1818 3184 1964 3255 magnus

389 3280 392 3285 ’
451 3280 454 3286 ·
530 3283 608 3331 tum
625 3269 815 3337 raucedine.
843 3271 887 3335 Id
902 3269 948 3337 ad
956 3271 1095 3340 crudum
1105 3271 1240 3361 succum
1251 3268 1478 3361 referebatur,
1502 3284 1561 3333 Μ
1578 3266 1624 3333 ld
1634 3260 1755 3353 flatum
1774 3264 1966 3350 militnm

532 3361 570 3456 itt
580 3366 732 3457 pulmone
751 3368 951 3435 excitatum.
977 3369 1032 3438 At
1048 3368 1261 3441 adventantis
1276 3368 1396 3442 rubiola
1412 3370 1447 3438 id
1456 3361 1526 3451 fuit
1544 3364 1720 3431 inditium.
1750 3360 1812 3427 An
1838 3383 1903 3425 non
1922 3380 1963 3426 ea

531 3459 695 3553 dyscsafia
705 3461 751 3549 fit
766 3468 802 3531 in
808 3464 975 3557 pulmone,
999 3490 1036 3537 eo
1051 3473 1162 3550 modo,
1188 3496 1250 3568 quo
1262 3474 1301 3540 in
1308 3457 1639 3543 metumorhiliorum,
1665 3475 1700 3524 ut
1718 3455 1883 3550 drffieulsas
1894 3456 1961 3549 spi·

534 3560 635 3629 randi
651 3560 727 3626 inde
751 3566 895 3631 orietur?
922 3570 1027 3633 Forte
1042 3570 1081 3636 id
1097 3593 1160 3637 non
1177 3569 1223 3655 ιβ
1238 3572 1340 3661 plane
1367 3563 1539 3654 difflmile.
1566 3559 1668 3623 Alius
1692 3576 1777 3647 puer
1801 3577 1904 3622 annos
1929 3578 1960 3639 7.

535 3674 656 3753 patus,
678 3657 830 3745 consimili
845 3658 949 3729 morbo
965 3665 1119 3731 interiit.
1153 3671 1237 3733 Non
1252 3662 1296 3746 ιβ
1325 3653 1516 3755 deprebensa
1533 3674 1602 3720 tam
1613 3651 1692 3741 sevi
1709 3646 1827 3729 morbi,
1845 3649 1959 3738 &dss-

531 3749 693 3843 ficalsatis
708 3753 858 3849 spirandi
871 3756 987 3844 causa.
1013 3763 1059 3826 Eo
1080 3777 1223 3852 tempore
1239 3755 1448 3848 vagabamur
1477 3749 1602 3839 ruffus,
1623 3751 1722 3839 vulgo
1749 3754 1888 3844 Qsintes
1909 3751 1961 3817 di·

536 3851 611 3926 lle,
629 3852 671 3919 dt
689 3849 801 3947 quibus
818 3856 935 3951 paullo
942 3852 1031 3948 post.
1056 3860 1099 3921 Et
1118 3855 1205 3949 quod
1224 3876 1270 3924 ert
1296 3854 1477 3925 intervallo
1496 3847 1587 3937 facit
1611 3854 1724 3943 quinte
1752 3847 1838 3939 tuffis
1864 3844 1962 3935 eausa

529 3945 667 4050 slew»
684 3952 721 4023 t'd
729 3950 822 4039 facit
838 3952 1180 4043 eadem-tausafixa.
1204 3954 1274 4022 Hic
1293 3952 1483 4049 perseverat
1497 3945 1668 4044 difficultas
1690 3948 1844 4043 spirandi
1868 3945 1962 4041 usque

538 4051 585 4118 ud
602 4048 789 4120 interitum.
809 4053 914 4118 Filius
934 4054 981 4120 D.
1000 4052 1031 4122 le
1049 4055 1138 4122 Noir
1158 4048 1218 4139 ’βα
1236 4052 1418 4148 difficultate
1428 4048 1579 4143 spirandi
1600 4049 1741 4126 interiit,
1766 4069 1864 4142 quum
1887 4066 1965 4111 rau·

539 4145 689 4234 tedinem
715 4149 892 4241 quamdam
920 4145 1054 4219 baberet
1081 4153 1271 4227 caninam,
1302 4151 1342 4223 (β
1361 4166 1520 4216 tumentes
1537 4148 1682 4239 paullum
1693 4144 1820 4233 fauces.
1850 4142 1965 4210 Pulnto

536 4260 613 4340 erat
624 4262 721 4338 parte
741 4246 864 4313 dextra
880 4245 1029 4333 vitiosus.
1057 4247 1234 4336 Gervastus
1252 4245 1384 4315 Honore'
1402 4246 1492 4334 soter
1514 4267 1627 4323 meus,
1650 4247 1698 4311 iro
1723 4264 1806 4338 pene
1829 4237 1966 4329 [offoca-

536 4361 593 4414 tus
604 4342 750 4411 interiit.
781 4336 965 4431 Chirurgus
980 4341 1156 4435 affirmavit
1167 4346 1204 4435 se
1214 4343 1350 4435 seeusffe
1369 4344 1518 4413 cadaver
1529 4346 1623 4434 pueri
1647 4340 1706 4411 tta
1725 4338 1841 4435 difficili
1853 4336 1967 4431 spira·

541 4443 649 4527 trent»
671 4439 711 4515 Θ
730 4432 834 4509 norbo
854 4437 911 4523 (αἱ
924 4442 1019 4527 dt'xt')
1044 4443 1204 4534 incognito
1217 4438 1345 4534 sublati
1354 4469 1367 4509 .·
1393 4447 1539 4512 Inventa
1556 4437 1599 4523 ιβ
1613 4444 1732 4533 pituita
1747 4443 1866 4514 lenta,
1891 4458 1970 4506 tort-s

542 4561 663 4611 tumur
672 4585 684 4619 ,
709 4562 773 4633 que
788 4533 892 4623 instar
911 4534 1099 4611 membrano
1115 4544 1289 4631 eujusdam
1307 4544 1429 4611 arserio
1447 4540 1558 4635 aspere
1575 4560 1647 4611 tros
1665 4536 1788 4609 obtenta
1806 4586 1818 4618 ‚
1849 4552 1888 4603 ut
1906 4555 1969 4603 non

539 4638 616 4730 effes
632 4633 710 4708 liber
729 4639 839 4710 tuitus
862 4638 909 4722 (h,
921 4641 1071 4710 inmoitus
1088 4642 1221 4737 spiritui
1231 4658 1385 4711 externo:
1410 4643 1469 4710 Sic
1482 4637 1646 4732 [efficerit
1676 4637 1868 4732 repentina.

552 4819 557 4828 ι
595 4740 627 4809 8.
653 4730 789 4832 Morbus
806 4737 868 4831 quo
884 4740 1035 4813 interiere
1049 4739 1104 4809 iiii
1120 4760 1187 4810 tres
1198 4740 1441 4810 commemorati
1455 4741 1528 4828 egri
1533 4785 1547 4815 ,
1559 4732 1651 4819 forte
1668 4735 1795 4831 aliquid
1813 4728 1979 4830 affinebue

544 4832 596 4910 bet
611 4858 686 4905 eum
701 4855 738 4903 eo
759 4830 883 4915 morbo,
907 4861 1004 4930 quem
1023 4842 1177 4934 Hippocr.
1190 4840 1374 4935 pulmonem
1394 4841 1547 4930 repletum
1564 4838 1730 4917 votavit,
1754 4835 1796 4907 de
1814 4845 1972 4927 queunte

545 4933 757 5028 eom'tiiurasu
773 4929 912 5020 othrum
934 4935 1176 5030 adscripsimus.
1385 4942 1388 4959 ’

1813 5054 1849 5123 p.
1877 5032 1922 5097 Ita
