4534 5850
530 447 1283 563 rrsrnsnsarbnnr,
1332 466 1462 548 trs.
1514 477 1558 550 n.
1631 426 1757 582 ψ’

324 627 378 713 lis
403 643 524 714 vitium
547 633 679 710 fouent.
702 628 775 700 Ren
801 635 997 699 umectat,
1020 613 1072 691 scd
1097 619 1321 712 magnitudino
1352 620 1455 718 dupio
1477 614 1763 721 supembarrenffi

325 740 528 810 naturalem.
555 728 774 803 Sirrillererat.
804 723 924 795 Dexter
941 717 1071 796 nullus,
1097 713 1149 788 sed
1174 712 1286 815 species
1305 721 1460 816 quaedam
1476 724 1652 800 involucri.
1677 739 1761 815 Cras

322 838 370 908 do
388 839 480 934 quod
503 851 681 927 numquam
698 823 824 901 luerat.
843 825 993 897 Mirum·
1015 821 1104 917 Saepe
1122 818 1313 917 nephriticos
1328 821 1451 893 dolores
1471 821 1605 919 palicia
1627 828 1693 900 ide,
1706 853 1763 910 εχ,-

323 956 481 1012 creverat.
509 931 630 1004 Nullus
654 948 761 1000 nmen
778 923 830 997 vel
854 926 889 993 in
914 941 1009 998 rene,
1033 916 1085 993 vel
1110 919 1146 989 in
1176 918 1275 993 vesica
1291 919 1374 1018 lapis
1405 925 1554 995 inventus
1585 851 1647 995 cb.
1682 932 1762 1006 sicci

322 1039 503 1133 pulmones.
528 1027 636 1102 Febris
659 1045 727 1101 nat
750 1022 889 1097 allidua.
915 1018 1061 1091 Tandem
1085 1043 1142 1117 per
1174 1019 1257 1092 duos
1288 1019 1353 1090 dies
1376 1013 1476 1107 ἄφωνος
1507 1023 1630 1097 reddita
1657 1075 1668 1108 ,
1709 1033 1760 1114 im,

322 1140 427 1206 tersit.
456 1131 632 1206 Duodceies
656 1144 796 1228 purgata
819 1118 942 1204 fuerat,
966 1119 1118 1192 incolumi
1144 1136 1249 1192 tamen
1274 1116 1365 1203 fetu,
1385 1119 1464 1192 idest
1490 1129 1525 1196 vi
1544 1127 1755 1204 medicamen.

322 1238 347 1302 ti
370 1259 437 1306 non
461 1227 609 1304 excluso.

372 1335 502 1411 Pueris,
526 1350 564 1402 ut
583 1335 620 1403 dt
643 1327 753 1397 ceteris
786 1325 867 1398 alius
891 1325 1008 1401 etatis,
1032 1347 1099 1394 non
1117 1322 1175 1393 nisi
1192 1322 1361 1420 prudenter
1386 1321 1557 1394 medicatio
1573 1326 1761 1404 detondi:

324 1427 391 1514 bet.
419 1434 479 1502 Sed
493 1434 596 1518 major
613 1426 725 1496 inillis
747 1426 853 1496 cautio
869 1422 913 1493 est
930 1416 1135 1495 adhibenda.
1163 1427 1327 1497 Novimus
1351 1417 1505 1520 plerisque
1528 1425 1602 1496 data
1624 1431 1759 1502 medica-

321 1550 427 1602 menta
435 1575 449 1610 ‚
471 1535 531 1624 qui
546 1551 586 1601 eo
608 1520 675 1624 ipso
689 1526 757 1605 die,
783 1524 889 1594 medio
904 1528 1105 1621 purgationis
1129 1543 1273 1623 tempore
1295 1527 1504 1592 interierunt.
1531 1524 1570 1591 ld
1588 1528 1679 1620 qubd
1688 1553 1755 1599 non
1898 1613 1915 1624 η

319 1631 382 1701 srne
397 1629 576 1707 calunnsia,
602 1631 637 1699 δι
651 1633 730 1696 artis
752 1625 902 1695 dedecore
918 1624 1074 1718 contigisse
1108 1623 1212 1700 visum
1238 1623 1307 1697 cst.
1335 1625 1478 1693 Maxime
1502 1645 1578 1694 vero
1592 1628 1625 1695 id
1650 1646 1753 1699 atten-
1793 1627 1914 1699 evim

319 1730 480 1807 dendum‚
503 1749 609 1822 quum
627 1731 694 1815 jam
710 1746 825 1822 corpus
848 1744 960 1793 eorum
979 1749 1152 1822 puerorum
1169 1722 1288 1820 squalet
1303 1741 1453 1816 aretque,
1478 1727 1511 1794 δι
1524 1743 1582 1792 aut
1606 1732 1641 1797 vi
1666 1752 1753 1798 mor.
1766 1696 1874 1804 Μ»
1902 1789 1915 1808 „

316 1821 375 1906 bi,
400 1846 459 1896 aut
474 1827 687 1895 diuturnitate
708 1820 848 1897 frablum
871 1817 1136 1916 debilitatumque
1160 1824 1229 1893 eil.
1266 1826 1311 1892 Hi
1335 1840 1477 1918 poctates
1499 1825 1583 1889 enim
1607 1817 1753 1898 observa·
1767 1784 1913 1865 ’ὑφ’

320 1936 369 1996 vit
386 1928 495 2002 stocos,
520 1921 597 1993 idest
602 1929 667 2010 jam
682 1918 798 1992 morbo
817 1917 957 1994 afflictos
981 1928 1209 1993 &extenuatos
1227 1946 1293 1990 non
1309 1847 1397 1990 boile
1420 1919 1686 1993 medicamentum
1702 1945 1754 1994 to-
1770 1884 1824 2009 εἰ
1834 1887 1915 2012 ,πῖ

318 2024 449 2095 letare.
465 2027 512 2093 At
525 2026 626 2118 stirpis
642 2021 685 2093 est
698 2023 856 2095 calamitas
879 2022 957 2092 daeo
973 2024 1235 2098 medicamento,
1260 2022 1371 2090 eodem
1395 2019 1473 2100 die,
1496 2042 1618 2113 aegnrm
1641 2026 1753 2096 interi.
1769 2050 1912 2094 mmm..

317 2145 369 2191 re.
396 2124 436 2190 ld
448 2122 539 2217 quod
563 2144 621 2190 rios
644 2123 685 2190 ad
709 2139 896 2221 perpetuam
919 2126 1102 2195 memoriam
1116 2124 1165 2193 his
1181 2125 1290 2191 litteris
1308 2121 1527 2193 morardum
1543 2126 1748 2219 putavimus.
1772 2135 1805 2179 Μ
1819 2116 1914 2212 meri.

315 2224 434 2312 Qtum
446 2230 533 2291 enim
556 2227 622 2307 jam
637 2245 772 2316 corpora
789 2223 973 2315 elanguere,
997 2230 1107 2320 potius
1132 2230 1165 2294 in
1180 2219 1378 2293 refestionem
1401 2214 1652 2292 incumbendum
1678 2222 1721 2291 est
1738 2268 1750 2304 ,
1770 2213 1915 2261 “mm''

317 2343 420 2413 quam
435 2323 468 2387 in
484 2321 742 2390 evacuationem.
768 2321 907 2388 Tametsi
932 2320 1052 2391 fortasse
1075 2320 1203 2413 objiciat
1224 2326 1317 2414 quis,
1342 2312 1457 2388 subesse
1483 2335 1601 2386 tetrum
1632 2319 1753 2389 humo-
1769 2301 1824 2381 ΜΨ
1839 2281 1914 2359 sm

318 2441 388 2489 rem
405 2422 465 2511 qui
489 2417 612 2487 malum
630 2415 753 2492 foveat.
780 2419 839 2488 Sed
867 2411 942 2514 sepe
954 2424 1051 2489 etiam
1074 2440 1150 2492 cum
1176 2445 1214 2490 eo
1238 2421 1371 2487 humore
1405 2418 1511 2485 anima
1543 2416 1715 2487 effisnditut
1741 2467 1749 2486 .
1768 2382 1885 2510 ἔξω

318 2519 361 2589 Et
376 2519 483 2613 potius
506 2518 719 2588 emendandus
743 2515 787 2586 est
805 2511 946 2588 bonitate
971 2515 1051 2588 succi
1067 2518 1208 2597 alibilis‚
1232 2541 1335 2612 quam
1348 2515 1535 2609 agitandus.
1563 2512 1616 2583 Est
1640 2535 1749 2587 autem
1779 2551 1914 2627 mmo:

289 2644 295 2652 ·
320 2609 377 2684 ubi
393 2634 510 2685 natura
536 2610 587 2685 seu
610 2624 721 2713 potius
735 2638 851 2712 corpus
875 2617 1023 2710 languet,
1047 2644 1147 2712 quam
1168 2636 1331 2708 aegrotat.
1360 2617 1527 2708 Languere
1552 2619 1639 2682 enim
1663 2617 1751 2687 aliud
1767 2636 1809 2696 rt,
1823 2637 1859 2694 ab
1878 2654 1913 2694 4.

320 2719 490 2810 quippiam
506 2712 550 2782 est
573 2736 676 2806 quam
700 2734 866 2809 egrotare.
894 2722 1095 2814 Intemperies
1118 2712 1173 2784 ali
1194 2712 1298 2780 dorion
1322 2716 1462 2786 invehit:
1486 2713 1519 2778 in
1543 2710 1591 2790 eie
1607 2707 1750 2790 sirinnan
1764 2724 1900 2790 grentio-

317 2813 492 2891 aberratio,
516 2835 554 2880 ex
579 2813 766 2883 alienatione
785 2816 942 2909 languor.
970 2816 1022 2892 Sic
1046 2813 1264 2890 roborandum
1284 2812 1328 2884 est
1343 2824 1468 2912 potius,
1492 2830 1594 2907 quarn
1609 2835 1748 2884 vacuan-
1767 2803 1915 2875 ”⁶³²⁵s‘ff4

320 2910 426 3077 dorp.
450 2909 551 2982 Unde
565 2914 650 2982 essim
665 2934 780 2984 natura
806 2924 908 3008 magis
932 2921 1001 3014 opis
1025 2917 1068 2989 est
1092 2920 1253 3009 indigens,
1276 2915 1350 2984 inde
1370 2918 1471 3009 magis
1493 2908 1538 2983 est
1554 2913 1599 2983 ilii
1635 2937 1746 2985 occur-
1764 2876 1911 3043 κβ

322 3033 379 3080 ren
404 3034 484 3080 um.
1838 3056 1842 3066 .

371 3113 424 3180 De
438 3103 656 3209 phlebotomia
683 3117 789 3209 pueris
812 3109 1013 3196 celebranda,
1038 3124 1139 3211 major
1161 3115 1311 3213 quedam
1328 3109 1459 3207 questio
1473 3107 1532 3180 est.
1559 3111 1650 3182 Nam
1664 3105 1746 3197 obji-
1760 3058 1910 3209 ,25:2ae

320 3213 348 3277 ti
365 3203 447 3278 solet
472 3212 623 3281 aetatula.
651 3212 789 3285 Galenus
822 3217 915 3287 valde
939 3215 1103 3311 religiosus
1117 3219 1187 3289 est.
1215 3218 1305 3285 Nam
1329 3212 1446 3281 multas
1477 3212 1611 3308 apponit
1637 3210 1746 3277 condi·
1765 3220 1870 3275 sicum.

321 3315 441 3386 tiones,
463 3328 639 3401 antequam
656 3311 719 3378 hoc
741 3314 780 3381 de
805 3318 943 3385 remedio
965 3318 1173 3389 decernatur.
1201 3319 1257 3386 Ait
1280 3315 1391 3383 enims
1422 3313 1454 3380 si
1488 3308 1558 3409 post
1589 3308 1746 3377 decimum
1784 3299 1910 3395 ,ΟΜ

320 3425 479 3501 quartum
504 3431 628 3476 annum
654 3408 795 3498 pleuritis
818 3432 876 3476 aut
901 3420 1163 3503 peripneumonia
1175 3410 1367 3482 oboriantur,
1391 3410 1415 3473 li
1450 3433 1532 3501 puer
1562 3410 1599 3477 sit
1622 3377 1881 3520 sanguia-1³⁶⁰&

321 3525 421 3584 ncus,
445 3502 541 3571 srver
565 3502 621 3581 srt,
645 3500 668 3566 sr
694 3505 781 3591 regio
796 3520 988 3600 temperata,
1013 3507 1164 3576 audac'tcr
1178 3528 1292 3576 venam
1318 3495 1451 3569 secabis.
1480 3502 1581 3589 Qrali
1614 3523 1690 3569 vero
1714 3504 1747 3570 id
1760 3462 1890 3617 ffip

321 3619 452 3697 tempus
468 3601 505 3667 srt
522 3594 791 3693 exspeciandum,
815 3607 849 3672 ἃ
862 3625 904 3671 ece
924 3599 1096 3700 speetandcu
1113 3606 1327 3675 conditiones.
1351 3605 1512 3680 Daretis,
1540 3602 1744 3696 unicusHip-
1757 3619 1854 3695 βω,

322 3704 460 3799 poeratis
478 3701 650 3795 interpres,
674 3718 807 3789 rogatus
825 3696 1035 3787 sententiam,
1068 3728 1127 3774 cur
1144 3708 1355 3802 Hippocrates
1373 3703 1478 3799 pueris
1494 3699 1667 3797 pleuriticis
1685 3715 1745 3767 aut

321 3800 606 3896 peripneumonicis
626 3818 738 3869 venam
759 3823 825 3868 non
843 3804 1017 3890 ceciderit,
1042 3799 1233 3901 respondet:
1267 3806 1499 3899 Hippocratem
1518 3823 1582 3867 non
1599 3794 1744 3891 agnovif-
1762 3807 1906 3873 Parsira-

325 3894 355 3966 sc
375 3918 487 3994 pueros
509 3897 689 3991 pleuriticos
706 3916 763 3965 aut
779 3904 845 3996 peri
870 3907 1096 3972 neumonicos.
1122 3906 1161 3970 ld
1176 3904 1267 3999 quod
1281 3903 1477 3972 audiendum
1492 3904 1614 3966 tatione
1639 3894 1741 3962 nna.
1761 3911 1791 3948 Ν
1803 3889 1884 3964 fiw

319 3994 455 4061 ὃσκνικιῖ.
481 3996 597 4089 Qum
615 3998 698 4063 enim
719 4003 824 4092 pueris
838 3927 965 4092 singnis
978 4003 1016 4069 stt
1039 3998 1256 4073 cralsrusculus
1275 4048 1286 4079 ,
1310 4023 1417 4094 quum
1436 3992 1640 4089 benignus&
1658 3995 1741 4064 hali-
1759 3973 1902 4075 ssmf'f‘f

321 4087 453 4176 tunsus,
477 4113 561 4164 caret
575 4102 613 4168 iis
629 4091 789 4176 stimulis,
812 4104 870 4194 qui
889 4095 963 4171 sunt
983 4100 1134 4172 necessarii
1152 4104 1195 4172 ad
1213 4100 1409 4171 incitandum
1433 4091 1643 4190 sanguinem.
1677 4098 1740 4164 His
1759 4064 1903 4198 gffl}

320 4192 461 4270 accedit,
484 4194 574 4288 quod
593 4198 761 4266 nutritioni
779 4201 813 4267 δι
833 4199 976 4270 auctioni
993 4197 1119 4296 satrsguis
1137 4196 1281 4272 satisfacit
1296 4247 1308 4278 ,
1321 4218 1371 4268 ut
1389 4197 1531 4293 reliquus
1546 4217 1667 4293 paucus
1683 4196 1739 4265 sit.
1760 4224 1805 4285 η,
1843 4163 1888 4201 ⁰⁸⁸

326 4294 369 4367 tlt
387 4315 454 4360 non
467 4293 551 4363 idem
570 4295 609 4363 de
629 4288 798 4380 juvenibus
823 4301 1004 4391 judicium.
1039 4307 1156 4402 Qum
1176 4296 1395 4391 enim.justum
1411 4301 1547 4395 cepen‘nt
1569 4298 1742 4364 incremen:

325 4408 412 4468 tum,
437 4386 626 4491 superfluit.
654 4398 740 4463 Hinc
755 4394 948 4473 consectniae
964 4402 1206 4497 haemorrhagiae
1222 4454 1229 4470 .
1255 4387 1306 4470 'Et
1329 4423 1437 4471 earum
1454 4400 1525 4467 loco
1541 4390 1745 4487 dysenteriam·

323 4493 368 4574 At
386 4490 409 4557 s¹
426 4514 464 4561 ΠΕ
481 4494 530 4563 his
548 4494 654 4563 modis
666 4497 799 4587 quidem
814 4493 1024 4596 supervacuus
1051 4498 1180 4595 sanguis
1206 4517 1402 4578 evacuetur,
1438 4491 1544 4566 morbi
1564 4496 1743 4589 progermi-

325 4606 419 4657 nant.
447 4593 544 4664 Unde
558 4588 733 4690 spuitiones
759 4590 947 4689 sanguinis,
978 4601 1188 4696 pleuritides,
1223 4602 1514 4695 peripneumonie.
1546 4595 1632 4686 Qaae
1657 4594 1739 4657 ratio

326 4690 443 4757 Dureti
461 4715 503 4761 an
522 4694 653 4775 valeat,
686 4696 888 4778 judicandum
909 4700 1132 4791 relinquitur.
1170 4698 1258 4767 idem
1280 4698 1406 4767 videtur
1436 4690 1580 4761 indicasse
1598 4690 1740 4759 Galenus

324 4809 441 4857 eornm.
461 4793 493 4860 in
509 4794 636 4889 Aphor.
658 4816 675 4861 2
679 4821 713 4880 9.
733 4787 790 4862 lib.
813 4819 841 4881 3.
858 4799 985 4891 erit
1006 4801 1090 4866 enim
1111 4820 1154 4866 an
1170 4797 1259 4865 illud
1272 4819 1384 4867 verum
1402 4792 1545 4886 anuod
1557 4794 1739 4884 Hippocra-

325 4937 345 4966 2·
373 4906 418 4957 tes
437 4884 615 4989 scripseram
641 4887 822 4976 Juvenibus
839 4890 931 4991 sputa
947 4890 1107 4991 sanguinis
1133 4901 1168 4965 δι
1198 4890 1285 4964 tabes
1305 4897 1430 4965 evenire
1450 4916 1467 4970 ·,.
1490 4894 1543 4959 lta
1557 4883 1737 4982 respondit·

322 5035 346 5072 n
371 4994 449 5064 Hes
470 4994 607 5087 quidem
619 5017 685 5062 non
700 4987 874 5067 stcundum
888 4998 986 5066 etatis
1013 5014 1163 5071 saturam
1184 5001 1323 5083 iuvenes·
1337 4995 1505 5089 pariuntur
1521 5031 1533 5065 ‚
1565 4974 1740 5143 scddsecun-

1571 5125 1592 5154 „
1632 5098 1688 5142 um
