4534 5850
633 475 885 550 nerium.
908 474 1289 554 ntrutcaaun.
1315 467 1393 554 ru.
1418 483 1463 550 n.
1518 445 1524 457 ’
1668 502 1732 572 rs,

371 629 559 717 sincerum
572 634 606 701 lie
631 648 725 710 tenue
743 626 878 726 'ellenon
903 625 985 727 polle
1002 627 1061 697 nist
1072 630 1107 698 in'
1118 628 1243 702 diverse
1260 625 1416 727 parribus.
1444 633 1633 702 Nosatitcm
1647 634 1788 702 dicemus

366 725 488 825 aquosa
513 723 674 823 sttusaqur
691 728 804 805 ,ἥπατα
821 729 854 797 ιἰι
872 721 932 801 suo
948 747 1060 823 genere
1078 728 1139 795 dici
1166 729 1268 827 posse.
1294 732 1474 826 Namque
1491 726 1724 802 umabunaare
1735 733 1792 815 dep

367 821 446 897 bent
464 832 631 927 tamquam
658 826 771 919 aliquo
796 824 969 903 diluente,
1000 826 1026 893 -sr
1041 826 1156 894 eodem
1171 825 1408 908 destituantur,
1435 853 1489 928 prr
1521 836 1587 917 eius
1616 822 1792 903 absentiam

367 921 575 1014 musileum:
599 925 657 1007 Sed
667 949 722 1022 pet
739 916 1037 1018 sequaedam'serosa
1046 969 1057 1002 ,
1072 923 1226 1010 uerrunt,
1248 924 1305 995 etse
1316 928 1441 1025 possunt
1456 933 1489 999 in
1505 925 1562 1002 suo
1575 930 1791 1024 generemus

367 1050 426 1104 ra,
449 1050 513 1094 trun
538 1025 696 1105 admixta,
721 1046 885 1120 pravaque
899 1041 938 1093 ut
956 1044 1032 1117 quae
1048 1022 1226 1095 romonem
1244 1049 1311 1092 non
1334 1027 1513 1109 admittunt
1528 1027 1706 1122 sortemque
1732 1048 1792 1094 na·

366 1144 471 1194 turam
484 1125 525 1193 ad
540 1125 758 1208 domationem
786 1122 1017 1215 vieioriamque
1041 1128 1209 1216 requirunt
1224 1125 1319 1193 Corn.
1341 1129 1374 1192 in
1395 1127 1480 1194 Part.
1505 1133 1560 1191 26.
1580 1123 1651 1196 seer.
1678 1149 1704 1193 t.
1729 1118 1789 1193 lib.

372 1224 499 1320 ¹1.Epid.
520 1225 634 1318 ltaque
650 1225 758 1295 minus
777 1220 860 1292 resse
892 1243 911 1291 a
939 1223 1053 1314 Vega.
1080 1222 1134 1291 Ad
1150 1245 1229 1291 rem.
1243 1225 1432 1295 redeamus.
1460 1225 1549 1294 Cum
1573 1226 1682 1322 paullo
1704 1239 1794 1293 ante·

364 1325 506 1392 uomitus
514 1326 679 1404 meminit,
704 1338 844 1389 nontam
854 1319 1007 1390 sincerum
1023 1342 1060 1389 er
1077 1315 1213 1391 absentia
1230 1317 1286 1391 leri
1303 1330 1461 1403 metitur,
1484 1347 1631 1418 quamex
1647 1322 1790 1415 eoquod

364 1420 409 1491 nss
421 1420 604 1492 admixtum
622 1422 676 1489 stt.
702 1423 870 1511 Quatenus
887 1421 971 1490 enim
987 1419 1152 1510 diligenter
1168 1415 1224 1490 bili
1245 1425 1361 1516 pituita
1375 1418 1583 1503 admiscetur,
1607 1424 1675 1493 duo
1696 1422 1796 1513 signia

365 1520 521 1599 ficantur,
545 1522 700 1601 munitum
717 1525 769 1591 vis·
782 1539 902 1591 natura
915 1522 950 1590 in
973 1522 1125 1591 mixtione
1140 1523 1173 1585 δι
1192 1520 1334 1592 cortrone
1349 1526 1382 1590 in
1399 1547 1466 1618 qua
1485 1522 1633 1618 exquisite
1650 1516 1795 1592 resinis-'³
1823 1522 1896 1580 Alia
1921 1526 1956 1584 tl

333 1632 347 1667 ³·
365 1638 404 1688 tae
419 1618 477 1689 elle
496 1612 632 1700 debent,
652 1624 733 1690 item
748 1619 839 1714 quod
856 1617 889 1687 id
912 1619 1002 1713 quod
1026 1617 1069 1686 est
1090 1639 1268 1690 extremum
1294 1624 1443 1691 vitatur.
1470 1626 1588 1716 Quum
1614 1625 1699 1692 enim
1731 1634 1797 1687 aut·
1823 1599 1938 1705 3⁸9&

364 1722 497 1789 omnino
512 1712 678 1796 biliosum,
703 1736 760 1787 aut
781 1709 972 1812 pituitosum
988 1721 1185 1795 excernitur,
1210 1720 1364 1787 stitterum
1381 1721 1415 1786 id
1440 1718 1510 1799 est,
1543 1721 1730 1813 malumque
1746 1715 1800 1786 eu
1818 1687 1930 1784 ΜΨ
1973 1796 1978 1805 Ι

364 1836 404 1884 ut
421 1818 549 1908 signum
563 1821 597 1886 &
621 1837 658 1884 ut
673 1809 786 1885 causa.
813 1814 925 1883 Tertio
938 1815 1055 1885 accedit
1071 1815 1162 1907 quod
1181 1810 1238 1884 sese
1258 1816 1389 1886 vicissim
1423 1818 1598 1887 retundant
1621 1841 1656 1886 ac
1683 1812 1797 1883 resrina
1824 1791 1918 1835 ‘⁴⁸¹⁰'

391 1935 447 1983 ant
464 1909 614 1997 biliosum
632 1919 666 1985 δι
690 1905 899 2010 pituitosum.
927 1915 969 1983 Et
984 1935 1091 2005 quum
1108 1907 1180 1982 bilis
1196 1908 1261 1984 sola
1282 1913 1344 1992 est,
1371 1915 1506 1985 deterior
1521 1918 1576 1996 fit,
1601 1921 1637 1986 δι
1660 1939 1726 1983 non
1735 1914 1794 1982 lia-

365 1936 444 2080 ἕως
462 2006 587 2089 serum,
613 2032 670 2081 aut
684 2014 837 2110 pituitam
857 2032 932 2107 quae
951 2006 1007 2081 stri
1023 2015 1104 2084 vicet
1122 2004 1233 2106 obiens
1255 2017 1468 2084 acrimoniam.
1492 2010 1562 2084 bilis
1583 2008 1757 2111 compescet
1781 2053 1802 2092 ,-

368 2114 404 2180 δε
422 2111 551 2180 tandem
571 2108 688 2180 saetaa
711 2111 813 2179 calore
830 2110 999 2183 vitellina.
1026 2114 1073 2181 At
1092 2133 1202 2182 contra
1227 2113 1344 2210 pallida
1370 2106 1464 2193 bilis,
1497 2119 1613 2185 Graecis
1631 2111 1731 2198 dirpsi,
1755 2134 1795 2178 ex

368 2207 569 2306 permistione
589 2204 662 2293 buis
685 2214 720 2280 ἃ
743 2213 870 2306 ‚pituita
894 2210 1039 2281 redditur
1062 2215 1208 2288 tenuior,
1233 2217 1268 2283 δι
1292 2214 1398 2281 colore
1412 2208 1595 2287 remissior,
1619 2234 1695 2305 quae
1711 2203 1797 2297 suas*

372 2300 484 2389 satur,
509 2302 583 2377 bilis
600 2301 744 2388 absslute
767 2309 901 2377 dicitur.
929 2310 1018 2377 Nam
1043 2312 1077 2375 δι
1102 2303 1226 2380 ricton
1247 2312 1450 2390 naturalem,
1483 2316 1517 2379 &
1546 2309 1647 2394 κρᾶμα
1666 2325 1798 2378 natura·

368 2406 400 2475 le
421 2410 556 2500 requirit
576 2405 714 2475 Galenus
729 2422 767 2475 ut
786 2405 866 2500 quid
902 2398 1010 2490 scapum
1025 2403 1083 2472 eli'e
1099 2405 1242 2474 dicatur.
1271 2412 1420 2478 Attamen
1441 2428 1552 2478 corrrra
1581 2407 1669 2473 hunc
1690 2402 1801 2473 locum

371 2501 450 2576 sarit
467 2505 557 2599 quod
572 2499 678 2581 scribit
695 2505 857 2585 Galenus,
878 2504 968 2597 quod
988 2497 1095 2572 morbi
1110 2496 1185 2573 sunt
1202 2505 1319 2601 prlfimi
1338 2502 1511 2602 inquibus
1525 2509 1640 2605 pariter
1655 2497 1726 2573 bilis
1746 2510 1807 2599 pi-t

369 2607 462 2676 ruitae
481 2599 651 2687 nuscetur.
680 2605 893 2681 Meminimus
915 2622 988 2675 anre
1013 2601 1155 2673 craffitiei
1171 2606 1204 2671 in
1218 2606 1255 2672 iis
1269 2629 1344 2696 qua·
1359 2606 1472 2676 sincera
1495 2609 1595 2676 fiunt:
1621 2604 1805 2673 illatorem

370 2701 515 2774 crailiries
533 2722 591 2785 aut
607 2727 626 2773 a
643 2703 745 2771 calore
761 2705 821 2782 fit,
847 2719 905 2771 aut
922 2723 943 2773 a
958 2697 1095 2794 stigore‘.
1121 2702 1196 2771 Bilis
1211 2703 1336 2797 craffior
1354 2707 1392 2774 fit
1407 2730 1462 2804 pcr
1487 2703 1664 2780 ustionem,
1687 2703 1809 2799 phleg⁴

371 2827 426 2871 ma
444 2825 498 2900 per
511 2802 805 2898 ‚compassionem-a
826 2795 968 2892 ¹frigore,
993 2802 1102 2872 Cum..
1115 2806 1150 2870 in
1174 2802 1258 2870 Part.
1281 2804 1335 2889 38.
1358 2798 1415 2873 lib.
1436 2801 1650 2898 2:1'rognost.
1674 2802 1809 2871 Taum

370 2901 444 2973 duo
464 2901 525 2972 loci
544 2901 637 2998 plane
654 2902 803 2971 contrarii
821 2901 1033 2997 reperientur.
1058 2892 1189 2972 Comm.
1217 2909 1302 2970 enim
1323 2907 1356 2971 in
1382 2909 1491 2999 partic.
1524 2904 1577 2988 38.
1593 2897 1649 2970 lib.
1670 2922 1699 2967 2.
1717 2905 1763 2971 air
1786 2945 1799 2980 ,

377 3049 401 3083 „
425 2995 559 3073 biliosus
576 3000 695 3070 humor
712 3001 846 3069 suiectus
866 2998 982 3068 caloris
998 3004 1142 3094 copiam:
1167 2996 1339 3093 pituitosus
1363 3003 1497 3069 sincerus
1519 3002 1639 3068 indicat
1666 2997 1765 3091 frigus
1788 3023 1811 3067 t·-

381 3102 427 3171 Ar
447 3125 529 3171 com.
550 3102 584 3169 in
604 3121 686 3197 part.
702 3106 761 3184 46.
776 3092 833 3184 lib.
849 3094 947 3183 ejusd.
969 3096 1048 3164 dum
1066 3097 1106 3165 de
1119 3089 1284 3165 screatione
1297 3093 1446 3195 pituitosa
1463 3100 1577 3166 sincera
1595 3144 1607 3177 ,
1631 3101 1665 3164 δι
1691 3091 1812 3164 biliosa·

374 3247 397 3281 „
419 3199 514 3279 dicit,
537 3206 602 3279 ait,
626 3200 765 3268 Screatio
787 3198 903 3268 sincera
934 3188 1045 3266 biliosa
1062 3192 1107 3268 est
1124 3186 1174 3264 ob
1202 3187 1321 3266 bilem:
1346 3198 1494 3267 Candida
1513 3217 1611 3275 vero,
1642 3189 1813 3288 glutinosa·

374 3346 397 3377 ,‚
420 3322 457 3366 ac
472 3297 613 3368 rotunda
629 3291 673 3366 ob
687 3301 838 3395 pituitam
854 3295 1002 3370 alutam.
1029 3298 1183 3365 Dicemus
1198 3318 1308 3365 vocem
1326 3297 1414 3365 illam
1433 3327 1453 3375 ‚,-
1470 3299 1655 3372 Rotundum
1674 3340 1685 3373 ,
1710 3285 1817 3364 djffeir

374 3402 509 3470 rentiam
527 3400 636 3465 afferre
651 3397 793 3491 pituitae.
821 3396 911 3466 Nam
932 3395 1000 3462 lieri
1018 3391 1174 3485 potestur
1192 3394 1307 3461 sincera
1322 3395 1359 3460 sir
1386 3418 1422 3462 ac
1446 3393 1687 3484 quodammodo
1711 3405 1819 3461 com-'³

374 3493 490 3593 passa,
514 3494 636 3587 illaque
652 3491 831 3588 compafflo
847 3514 866 3559 a
891 3484 920 3557 se
937 3482 1004 3585 ipsa
1019 3486 1080 3566 est,
1104 3489 1257 3556 nimitum
1272 3483 1313 3557 ab
1334 3493 1457 3559 interno
1477 3487 1594 3584 frigore
1611 3538 1619 3554 .
1646 3493 1727 3558 item
1744 3494 1821 3560 liei·

373 3597 402 3664 ri
420 3590 521 3690 potest
538 3611 577 3661 ut
594 3593 875 3683 tereremfigutam
894 3593 929 3659 δι
953 3586 1203 3680 glutmofitatem
1231 3610 1252 3655 a
1277 3589 1379 3657 calore
1403 3592 1574 3682 acquirat,
1598 3589 1688 3682 quod
1712 3605 1819 3686 paret¹

371 3739 396 3772 ,‚
419 3700 457 3761 err
479 3692 603 3787 llpltor.
629 3697 682 3777 36.
700 3684 771 3760 stet
796 3714 826 3775 3.
853 3682 909 3760 lib.
927 3694 959 3753 6.
985 3686 1077 3781 Epid.
1100 3686 1258 3757 Rotunda
1285 3682 1377 3784 sputa
1403 3690 1553 3758 delirium
1586 3689 1799 3781 significant.

374 3794 476 3861 l’orro
490 3791 579 3885 quod
596 3790 637 3860 ad
655 3781 746 3886 sputa
761 3790 874 3858 attinet
892 3811 966 3880 quae
985 3788 1197 3883 Hippocrates
1211 3786 1326 3855 sincera
1343 3787 1401 3857 ell'e
1416 3812 1482 3857 non
1497 3789 1589 3867 vult,
1614 3782 1664 3855 sed
1686 3789 1799 3858 admo-
1851 3810 1853 3813 ·

372 3891 454 3959 dum
479 3892 577 3959 mixta
592 3889 655 3958 hoc
672 3889 747 3964 addi
765 3885 866 3984 potest
885 3886 977 3980 quod
994 3886 1204 3981 Hippocrates
1217 3891 1328 3981 partic.
1349 3885 1408 3974 ia.
1426 3883 1482 3955 lib.
1508 3910 1539 3953 ι.
1561 3884 1725 3979 Prognosl.
1749 3911 1798 3958 re.
1818 3921 1823 3930 ·

374 3991 498 4086 quirit,
523 4007 561 4056 ut
575 3986 684 4058 exasit
701 3987 737 4054 su
754 3989 868 4055 nuntio
882 3985 1060 4056 humorum
1080 3985 1140 4077 qui
1166 3984 1365 4054 deraduntur
1381 3977 1424 4055 ab
1447 3984 1646 4053 inflammata
1672 4005 1760 4082 parre
1786 4038 1796 4055 .
1817 4007 1820 4018 ·

374 4090 467 4159 Nam
499 4106 578 4158 tunc
603 4090 649 4158 vis
675 4090 859 4164 tratura&
872 4085 1035 4177 coquentis
1059 4086 1094 4151 &
1117 4078 1340 4152 confundentis
1355 4079 1525 4154 elucescit.
1552 4087 1594 4153 Et
1618 4087 1719 4177 quari
1742 4085 1797 4157 bic

377 4184 495 4287 potest,
520 4207 625 4281 quum
642 4188 854 4285 Hippocrates
872 4188 1026 4276 requirit,
1049 4201 1089 4251 ut
1105 4175 1238 4279 sputum
1256 4187 1447 4280 permixtum
1475 4186 1512 4252 fit
1525 4207 1590 4253 non
1616 4184 1768 4255 strictrum
1784 4201 1822 4265 ,’

375 4312 419 4357 an
442 4286 515 4360 vult
548 4287 721 4356 humorem
738 4306 797 4356 aut
829 4285 968 4355 ichorem
997 4276 1153 4352 saniemve
1175 4304 1250 4374 quae
1280 4277 1420 4353 ebibitur
1446 4306 1467 4352 a
1496 4285 1690 4379 pulmenta
1723 4309 1798 4380 par-

379 4407 410 4456 te
434 4409 475 4455 ue
491 4387 692 4456 inflammata
707 4386 892 4461 deraditur,
922 4383 1072 4475 eaquifite
1098 4376 1200 4453 salivae
1224 4400 1283 4451 aut
1305 4376 1400 4478 sputo
1423 4385 1583 4452 cumulari
1600 4388 1633 4449 in
1670 4383 1802 4480 pulmo·

384 4410 479 4554 nibus
495 4479 605 4565 solito,
629 4477 814 4561 admisceri,
834 4500 893 4551 aut
908 4480 1001 4548 illum
1022 4481 1190 4549 humorem
1206 4483 1264 4573 qui
1293 4481 1456 4550 deraditur
1480 4506 1546 4548 tion
1562 4480 1619 4548 else
1643 4480 1799 4553 fincemm

376 4610 416 4654 cx
434 4578 480 4661 se,
504 4604 543 4653 ut
558 4577 707 4662 biliosum
727 4581 819 4681 plane
836 4599 894 4650 aut
909 4578 1194 4650 melancholicumt
1213 4572 1374 4648 Credibile
1392 4578 1435 4647 eli
1461 4581 1538 4650 velle
1549 4579 1734 4674 'intringere
1750 4576 1801 4649 bi·

377 4681 514 4759 sariam,
538 4686 571 4752 δι
585 4703 624 4752 ut
639 4680 732 4779 sputo
747 4673 906 4750 ebibitum
919 4670 1112 4750 ,absumtum
1128 4685 1183 4773 pet
1200 4674 1369 4745 humorem
1386 4680 1536 4773 exquisite
1553 4676 1670 4746 misceri
1690 4681 1799 4761 dicat,

381 4804 420 4856 ut
439 4783 486 4852 vis
500 4800 620 4851 natura
637 4784 846 4873 significetur,
870 4784 905 4848 ἃ
931 4795 969 4844 ut
985 4775 1251 4868 non‘srgnificetur
1264 4782 1399 4846 omnino
1415 4778 1558 4874 pleuritis
1575 4771 1701 4857 biliosa,
1726 4772 1802 4872 spu·

381 4906 454 4954 tum
470 4880 567 4978 plane
591 4874 737 4950 biliosum
758 4895 824 4950 non
842 4879 898 4949 fir.
929 4877 1078 4969 Uterque
1092 4879 1176 4946 enim
1193 4875 1319 4944 modus.
1335 4870 1511 4973 probabilis
1532 4875 1594 4946 est.
1622 4878 1751 4944 Corum.
1767 4878 1802 4942 in
1869 4876 1872 4880 ’

382 4995 465 5081 patr..
479 4986 540 5065 4⁶·
560 4972 617 5049 lib.
641 4999 671 5045 2.
688 4978 852 5075 Prognolb
873 4975 1019 5071 mrtlllgr't
1044 4975 1084 5049 de
1105 4976 1283 5061 humorum
1305 4977 1507 5073 pleuritidem
1532 4975 1801 5045 committentium

505 5123 518 5142 ..
1265 5074 1302 5144 N
1356 5094 1375 5139 a

1673 5070 1754 5134 mix·
