4534 5850
585 481 827 563 ornum.
854 470 1241 554 muniturum.
1267 477 1340 551 ro.
1370 476 1412 548 n.
1616 507 1680 573 ¹93

327 642 493 715 humoris:
518 645 560 715 Et
573 662 679 739 quum
703 646 876 739 malignam
900 645 1088 742 qualitatem
1118 655 1222 720 tenuis
1239 643 1408 723 substantia
1432 651 1545 749 adepta
1562 649 1623 731 est,
1648 653 1743 743 aquo

325 745 437 814 ichore
460 751 553 843 pravi
577 737 680 814 morbi
704 739 895 815 nascuntur·
922 748 976 815 De
1000 748 1062 814 hoc
1088 747 1193 817 ichorc
1217 752 1372 848 Hippocr.
1400 751 1491 848 Epid.
1517 768 1555 820 ut
1579 751 1742 818 ilioCom·

326 863 427 916 ment.
443 846 528 914 citat.
554 844 665 937 Atque
689 844 749 914 hoc
771 841 817 912 eit
849 844 1015 942 peculiaris
1048 842 1079 906 vr
1102 840 1207 931 ἐκράτει
1240 847 1444 941 significatio.
1480 852 1598 945 Qrun
1631 846 1744 944 paullo
1818 913 1824 937 *a

327 942 501 1036 generalius
523 959 688 1038 acceptum
712 943 863 1036 significet
887 942 1010 1035 aliquid
1034 940 1103 1010 aliis
1126 943 1238 1013 diversi
1264 952 1383 1037 generis
1410 952 1669 1043 impermixtum,
1703 960 1743 1013 ut

325 1039 564 1111 Commentario
588 1044 622 1110 in
648 1039 826 1112 Historiam
850 1039 889 1108 de
915 1034 1049 1108 Philisco
1075 1046 1284 1111 vomitionem
1302 1048 1336 1114 &
1353 1046 1556 1131 dejectionem
1592 1047 1743 1116 finceram

328 1157 422 1209 vocat
442 1163 550 1234 quum
575 1137 769 1238 impermista
793 1136 856 1217 est,
882 1143 918 1208 δι
941 1157 1000 1209 aut
1025 1139 1139 1210 sincera
1164 1137 1251 1218 bilis,
1276 1162 1331 1211 aut
1355 1149 1450 1219 atra,
1474 1163 1533 1212 aut
1557 1144 1672 1241 pallida
1683 1142 1746 1210 sin·

324 1259 395 1309 tcta
417 1242 595 1310 excernitur
615 1239 659 1321 (fi
681 1237 780 1305 modo
794 1234 932 1333 pallida,
957 1241 1075 1309 Grrecis
1099 1236 1202 1324 itud,
1231 1241 1345 1313 sincera
1369 1243 1427 1314 erse
1460 1241 1571 1339 possit,
1595 1261 1745 1335 quumex

325 1336 571 1408 Commentario
595 1337 709 1409 Galen
732 1339 766 1404 in
791 1336 979 1432 particulam
1012 1335 1064 1424 38.
1098 1331 1155 1406 iib.
1193 1360 1223 1405 2.
1241 1340 1417 1434 Prognost
1449 1342 1556 1410 dicant
1586 1339 1746 1436 pallidum

319 1440 487 1508 uomitum
507 1436 578 1505 fieri
600 1458 639 1505 ex
662 1435 878 1505 commistione
903 1428 973 1505 bilis
998 1458 1073 1504 orm
1100 1431 1268 1533 pituitoso,
1293 1459 1352 1511 aut
1374 1433 1474 1510 broii>
1508 1439 1669 1513 humore,
1707 1450 1746 1503 ut

322 1528 459 1620 viditpiv
482 1534 663 1605 sntcetitatis
688 1534 768 1603 nihil
795 1535 961 1629 significet.
993 1535 1044 1604 Ut
1070 1536 1111 1604 ad
1135 1559 1204 1605 rem
1227 1538 1334 1609 redeat
1357 1542 1480 1616 oratio,
1510 1536 1658 1635 particul.
1690 1541 1746 1599 16·

331 1625 437 1702 sterio.
470 1654 498 1700 ι.
525 1626 584 1702 lib.
618 1657 647 1720 3.
673 1635 765 1729 Epid.
793 1635 940 1704 Meracus
966 1634 1087 1703 humor
1109 1632 1227 1704 dicitur
1250 1660 1357 1736 quum
1381 1641 1517 1708 colorem
1542 1640 1685 1706 nativum
1710 1636 1748 1701 St

326 1727 556 1803 consistentiam
582 1732 746 1808 sinceram,
770 1733 907 1809 Grais,
929 1726 1049 1803 τῦςασιν
1073 1727 1241 1818 κ’λικρινὲα,
1265 1739 1393 1804 retinet:
1414 1740 1454 1805 Et
1471 1730 1567 1811 alibi,
1587 1724 1747 1816 ὧλικριιές,

323 1830 372 1897 Hi
398 1851 482 1924 pocr-
509 1818 637 1901 π’ἇιμι
662 1849 755 1900 vocar
772 1823 831 1897 liba
860 1853 890 1896 2.
916 1831 956 1896 de
981 1823 1085 1895 morb.
1109 1831 1293 1911 sincerum,
1317 1829 1505 1909 rubentem,
1541 1852 1646 1924 quum
1680 1849 1749 1893 non

324 1852 489 1997 deiiivit'a
511 1919 568 2007 sua
592 1946 728 1996 natura.
757 1930 863 1996 Immo
887 1945 983 2020 negat
1007 1948 1079 1995 vere
1102 1920 1288 2021 sanguinem
1310 1931 1371 2000 dici
1394 1931 1452 2001 nist
1476 1932 1514 1999 fit
1537 1929 1622 1998 tuiis.
1652 1928 1700 1995 Ac
1723 1921 1748 1992 ii

320 2025 429 2102 dicas,
453 2019 546 2094 debet
571 2029 713 2097 nativam
738 2020 825 2095 suam
851 2022 988 2096 formum
1014 2029 1163 2105 retinere,
1190 2045 1229 2096 ut
1259 2051 1363 2122 quum
1393 2049 1453 2102 aut
1474 2048 1656 2127 pometa,
1689 2036 1749 2091 aut

323 2123 408 2199 flava
430 2118 499 2199 bifis
513 2127 546 2198 in
563 2125 667 2195 colore
685 2130 720 2195 dc
734 2123 929 2195 confistentia
947 2126 1062 2193 sincera
1071 2127 1215 2211 ejicitur,
1239 2126 1551 2199 utniisitndmissum
1575 2114 1748 2210 impuratis-

326 2222 425 2290 Unde
449 2222 592 2314 colligere
601 2222 648 2291 est
667 2248 732 2292 non
748 2225 858 2293 eodem
883 2225 935 2294 hic
950 2224 1047 2292 modo
1065 2219 1178 2307 ἄκρατοι
1201 2218 1282 2294 sumi
1308 2252 1377 2322 quo
1402 2235 1446 2299 &·
1473 2252 1505 2311 7·
1539 2213 1746 2321 Aphorismo-

323 2342 417 2387 rum.
444 2321 533 2390 Nam
559 2324 594 2386 in
622 2322 796 2407 Epidcmiis
822 2317 978 2412 agnoscit,
1003 2321 1187 2396 nmmum,-
1201 2324 1294 2415 quod
1317 2326 1397 2393 nihil
1425 2325 1602 2394 admixtum
1626 2309 1746 2385 habens

260 2411 263 2415 ’
322 2422 358 2486 &
377 2418 537 2495 colorem,
562 2421 596 2486 δι
619 2412 736 2490 cireen
761 2418 887 2504 ἃλικριιὶ
910 2422 1039 2498 retinet,
1063 2417 1200 2510 quodsi
1232 2444 1345 2489 verum
1380 2419 1458 2510 est„
1476 2414 1533 2489 suo
1557 2413 1631 2488 ¹stro
1664 2411 1747 2483 forte

325 2517 407 2585 iliud
433 2513 566 2586 nonest
590 2513 800 2585 destitutum.
825 2516 885 2585 Sed
911 2525 946 2587 in
970 2510 1103 2613 septimo
1127 2518 1158 2585 A
1181 2512 1414 2600 horffimrum,
1449 2509 1600 2602 danim
1626 2509 1743 2596 ὕπαρξιν

321 2617 354 2684 in
369 2639 408 2684 eo
424 2634 518 2712 putat
538 2610 716 2690 consistere,
742 2635 781 2683 ut
797 2607 911 2686 serum.
924 2607 1110 2683 absumtum
1129 2539 1360 2713 sublatumque
1374 2620 1429 2688 sit.
1456 2618 1505 2687 Sic
1521 2614 1582 2683 illis
1608 2638 1646 2683 ex
1663 2610 1742 2679 iocis

324 2713 444 2784 constat
460 2712 487 2778 π’
508 2709 619 2797 ἄκρατοι
637 2707 783 2785 bifariam
800 2707 902 2783 sumi.
929 2713 1110 2783 Accedit&
1128 2719 1221 2784 tertia
1240 2716 1424 2810 iigirificatio
1460 2710 1574 2809 quum
1604 2711 1741 2781 dicimus

324 2809 401 2887 αἱμα
426 2808 555 2898 ἄκρων.
579 2812 648 2881 Nec
664 2817 751 2881 enim
767 2834 805 2885 ex
819 2834 860 2880 eo
874 2811 991 2885 dicitur
1006 2834 1112 2881 merus
1137 2806 1262 2907 (sanguis
1284 2819 1377 2912 quod
1402 2811 1495 2887 suum
1519 2814 1676 2884 colorem,
1704 2811 1742 2875 &

321 2902 610 2988 ,sisara-retituet,
634 2928 673 2978 ut
697 2910 736 2978 de
749 2910 817 2980 diis
834 2905 1025 2992 humoribus
1041 2909 1174 2983 naum
1197 2912 1242 2982 est
1266 2957 1279 2988 ‚
1303 2911 1354 2986 sed
1370 2909 1482 3001 buum
1515 2914 1636 2981 dicitur
1656 2929 1746 2980 som·
1851 2906 1852 2911 ’

322 3011 356 3088 in
375 3027 455 3102 part.
488 3015 541 3074 16.
560 2999 664 3085 setffio.
696 3029 723 3073 ι.
750 3004 866 3093 ΜΗ.
893 3010 986 3104 Epicu
1009 2997 1343 3094 medicaminum,
1368 3016 1636 3107 interpres-vertit,
1661 3005 1743 3074 mule

322 3108 476 3188 mixtum,
505 3106 651 3202 maleque
673 3108 795 3179 omittit
811 3129 939 3185 vocem,
962 3098 1060 3182 dico
1075 3143 1090 3171 ·.
1116 3105 1189 3175 Nos
1214 3109 1328 3177 melius
1350 3110 1425 3184 ἴυμι
1453 3101 1541 3185 dion
1555 3098 1739 3187 ‚unimanus

322 3225 499 3291 vertemus,
523 3201 707 3301 sanguinem
727 3210 759 3277 in
784 3202 840 3276 sua
865 3207 1062 3303 :equalitatm
1088 3208 1121 3273 δι
1148 3224 1247 3302 prout
1270 3205 1383 3277 necetis
1407 3204 1471 3283 est,
1497 3205 1740 3276 malcmixtum

323 3324 361 3374 ac
376 3300 545 3382 confusum
567 3328 642 3374 cum
667 3306 736 3375 aliis
761 3301 969 3376 humoribus.
996 3306 1045 3374 Sic
1069 3326 1137 3373 uno
1162 3306 1277 3385 modo,
1302 3302 1430 3399 sanguis
1448 3302 1745 3375 meracusdicitur.·

322 3403 553 3472 Altero-modo
567 3425 671 3495 eoque
685 3401 899 3494 frequentiore
918 3402 994 3474 duan
1017 3395 1273 3483 imminuitur
1290 3450 1301 3481 ‚
1326 3399 1456 3494 ianguis
1468 3426 1573 3496 quum
1600 3405 1635 3467 &
1650 3400 1742 3486 niger

322 3499 384 3579 est,
409 3506 444 3572 δι
466 3506 534 3588 jam
557 3498 731 3570 craffiorem
748 3498 976 3569 consistentiam
999 3494 1044 3572 est
1061 3496 1209 3593 adeptus.
1237 3503 1286 3570 Ac
1309 3502 1331 3569 fi
1358 3500 1461 3577 dicat,
1498 3494 1554 3568 suo
1577 3491 1643 3563 stro
1670 3495 1742 3588 pri..
1889 3500 1914 3526 u
1970 3510 1974 3519 ·

320 3618 417 3671 vatus
434 3597 496 3678 cst,
521 3617 560 3669 ut
579 3604 646 3685 ianr
671 3600 741 3670 inde
764 3597 927 3671 craffitiem
951 3599 1160 3692 compararit,
1186 3600 1288 3692 qualis
1314 3594 1441 3692 sanguis
1457 3600 1490 3665 in
1505 3592 1745 3687 mangnitudo-i

321 3691 526 3791 tentibusque
541 3693 681 3774 febribus
698 3694 775 3767 soiet
789 3702 929 3776 excerni,
953 3715 1009 3767 aut
1026 3718 1044 3765 e
1062 3718 1143 3766 vena
1161 3692 1253 3768 tunsa
1277 3698 1386 3767 educi.
1415 3700 1454 3766 Et
1486 3692 1640 3793 posttrior
1670 3691 1740 3762 haec

320 3790 425 3883 ἆκρᾶτν
444 3799 478 3863 in
504 3792 652 3888 sanguine
677 3798 865 3891 significatio
887 3797 1027 3889 quadrat
1043 3819 1163 3866 cumea
1182 3797 1406 3891 fignificatione
1421 3789 1742 3890 qrtame17.Apho-

321 3890 493 3964 rismorum
507 3895 719 3963 adduximus.
752 3897 854 3992 Qsod
880 3914 986 3964 autem
1005 3889 1146 3986 surrguini
1165 3918 1220 3993 per
1236 3896 1394 3966 ustionem
1411 3898 1592 3985 contingere
1614 3886 1740 3987 potest,

321 4013 361 4065 ut
374 3986 528 4072 ruborem
538 3996 721 4086 genuinum
737 3997 770 4061 in
787 3994 980 4089 nigredinem
997 4013 1190 4071 commutet,
1214 3994 1405 4089 idem&pet
1431 3990 1612 4065 ustionem,
1636 3990 1671 4057 &
1682 4007 1738 4083 ptr

321 4093 522 4191 putredinem
537 4093 603 4172 aliis
620 4089 811 4161 humoribus
820 4090 925 4190 potest
937 4095 1078 4163 evenire.
1105 4096 1156 4162 Itu
1166 4097 1250 4163 enim
1261 4093 1446 4184 dejectiones
1469 4083 1627 4185 quasdam
1650 4102 1736 4154 tam·

320 4215 418 4287 quam
435 4186 619 4287 ssrrguinem
634 4196 764 4286 nigrum
779 4214 928 4292 apparete
954 4184 1198 4289 poffeobstrrat
1215 4196 1426 4291 Hippocrates
1444 4190 1567 4287 Aphor.
1598 4206 1653 4252 21.
1678 4178 1737 4251 lib.

320 4317 354 4376 4.
381 4292 505 4389 Aphor.
529 4292 629 4385 Qud
647 4290 797 4361 humores
820 4300 878 4384 qui
891 4311 1103 4367 excernuntur
1120 4314 1176 4390 per
1194 4293 1393 4389 putredinem
1416 4308 1475 4360 aut
1489 4286 1669 4359 incendium
1686 4282 1740 4352 In-

321 4409 454 4487 terprete
469 4391 595 4461 Gulcno
611 4389 710 4459 nudie
727 4386 799 4461 sunt
815 4389 979 4461 craiiitiem
995 4394 1030 4458 δι
1055 4395 1213 4483 nigrorem
1246 4392 1439 4484 quemdam.
1476 4389 1640 4459 Caererum
1666 4398 1740 4450 unte

320 4489 459 4572 dixiruus
482 4512 577 4559 omne
602 4489 756 4557 sincerum
780 4493 812 4556 in
838 4478 1043 4581 Prognosticis
1067 4512 1086 4557 a
1110 4490 1235 4558 Galeno
1257 4491 1425 4564 damnari,
1453 4485 1565 4582 praeter
1594 4502 1695 4577 quam
1705 4483 1740 4548 in

323 4583 490 4677 ianguince
512 4589 614 4685 Qasr
630 4608 714 4666 ,vero
732 4586 887 4656 iinccritas
910 4592 944 4655 in
969 4581 1140 4676 sanguine,
1166 4587 1226 4655 five
1254 4591 1356 4685 priore
1381 4586 1476 4655 modo
1513 4581 1641 4662 sumta,
1676 4579 1740 4651 five

322 4684 487 4784 posteriore
504 4688 567 4771 (ut.
581 4687 690 4782 paullo
706 4705 780 4755 ante
799 4684 922 4764 dietum
938 4683 1003 4770 est)
1029 4686 1062 4751 in
1078 4684 1172 4753 malis
1180 4684 1323 4755 ducenda
1332 4711 1396 4755 non
1407 4685 1461 4753 sit.
1488 4683 1547 4752 Sed
1572 4683 1634 4750 hoc
1644 4702 1739 4773 quru-

320 4786 430 4857 stionr's
445 4782 508 4850 est:
531 4788 618 4879 quod
642 4790 705 4871 jam
733 4785 790 4862 visi
813 4780 921 4859 sumus
944 4786 1116 4874 attinuere..
1138 4784 1268 4853 Sincera
1291 4784 1475 4877 dejudiones
1492 4773 1619 4853 duobus
1630 4778 1734 4847 modis

318 4886 484 4969 ditentur,
509 4878 638 4962 vei-*suo
653 4880 717 4955 sero
734 4886 923 4962 denudatae,
947 4902 1004 4954 aut
1030 4876 1134 4954 setosa·
1158 4885 1308 4962 omnino,
1333 4902 1478 4975 uttaeque
1507 4874 1732 4952 autemmelae

319 4981 415 5068 firm,
442 5001 500 5053 aut
524 4983 736 5080 impermiste,
761 4985 862 5055 &112
878 4988 985 5056 minus
994 4982 1087 5079 ,multe
1110 4984 1278 5062 dicemur,
1301 4977 1472 5080 praescrtim
1494 4997 1602 5072 quum
1626 4965 1735 5046 sctum

376 5086 567 5185 „dulcitii
590 5087 686 5182 Oper.
712 5087 750 5155 T
749 5087 877 5151 omusl.
1355 5078 1393 5148 N
1589 5063 1688 5143 adfits
