4534 5850
285 1888 289 1898 .
358 1824 380 1857 '²
432 1821 581 1907 haberet,
605 1833 646 1898 in'

489 520 558 589 ψ
733 472 897 566 rust
937 491 1058 560 ou
1109 486 1312 557 Μἰὀ·
1349 484 1384 554 u
1434 485 1471 556 u
1520 486 1561 553 rr

433 651 480 717 rio
498 670 536 716 ex
555 635 760 712 lenientibus.
789 646 841 710 An
859 663 924 708 non
941 641 1019 732 quia
1034 637 1135 711 καῦμα
1160 641 1246 707 intus
1266 657 1352 719 erat,
1378 654 1416 705 ut
1448 637 1488 706 ad
1520 640 1770 731 extinguendam
1802 649 1861 722 he.

434 751 517 841 patis
536 749 570 812 δι
594 743 839 838 praecordiorum
857 740 956 817 sitim,
981 738 1077 831 hepar
1098 743 1133 804 dc
1152 759 1237 806 renes
1260 741 1457 806 continenter
1482 731 1585 807 serum
1617 741 1814 814 attraherent
1848 768 1859 820 i

484 842 542 910 llIa
567 842 693 921 nutrix,
718 864 789 934 quae
806 841 863 907 diu
882 834 954 905 sana
971 838 1112 910 vixerat,
1139 840 1172 904 ἃ
1195 861 1269 929 quae
1287 839 1379 904 initio
1397 830 1503 904 morbi
1522 856 1588 906 tam
1610 843 1747 913 terrifica
1773 849 1856 942 palia

435 938 480 1010 cll
497 932 563 1031 syro
600 956 729 1017 omata,
754 933 825 1006 satis
844 938 955 1011 docuit
974 934 1142 1003 Medicum
1169 932 1217 1003 his
1237 928 1361 1004 turbari
1379 960 1444 1003 non
1465 930 1608 1013 debere,
1635 945 1738 1011 immo
1759 947 1859 1016 auda.

434 1039 522 1116 ster,
559 1044 675 1108 erratis
698 1039 902 1131 aliquantum
920 1027 1064 1111 viribus,
1090 1050 1210 1105 tentare
1233 1028 1346 1106 debere
1365 1034 1528 1114 remedia,
1553 1059 1609 1105 nec
1632 1033 1706 1110 solis
1739 1046 1860 1117 cardia.

434 1141 477 1207 cis
494 1138 679 1208 fidendum.-

484 1239 597 1308 Servus
621 1236 778 1306 Gaillardi
802 1234 951 1319 Julianus
988 1236 1021 1301 in
1047 1228 1133 1303 febre
1157 1233 1276 1305 assidua
1309 1227 1549 1333 opprimebatur
1582 1257 1693 1332 pene.
1729 1242 1858 1314 Natura

432 1330 559 1404 causam
574 1335 777 1434 oppreffionis
794 1337 930 1416 detexit,
954 1354 1127 1431 procurato
1144 1334 1363 1432 expedorato.
1390 1334 1535 1402 Medicus
1553 1335 1586 1400 in
1610 1330 1754 1407 febribus
1762 1347 1857 1415 etiam

434 1426 646 1503 essentialibus
665 1429 760 1504 debet
773 1457 883 1504 curam
902 1428 1019 1504 habere
1037 1438 1071 1503 δι
1090 1435 1305 1533 pulmonum,
1330 1437 1362 1500 &
1384 1436 1524 1528 partium
1538 1434 1695 1518 aliarum,
1720 1462 1793 1532 quae
1809 1438 1856 1511 fo

431 1551 507 1603 verit
521 1556 645 1626 novum
659 1531 813 1604 morbum
822 1553 923 1604 vetere
949 1540 1106 1630 pejorem.
1134 1538 1222 1605 Hinc
1239 1529 1433 1604 successiones
1458 1527 1650 1605 morborum
1667 1586 1677 1605 .
1703 1540 1743 1607 Et
1758 1561 1856 1637 prout

360 1664 367 1683 ·
430 1636 591 1703 variarum
614 1633 818 1703 adediionum
835 1627 938 1710 sedes,
963 1636 1007 1701 ita
1030 1636 1121 1703 varia
1139 1628 1248 1704 crises.

373 1754 390 1767 ··
438 1762 440 1766 v
484 1725 669 1800 Incredibile
724 1755 782 1810 ne,
805 1735 897 1826 quod
914 1725 1088 1801 Damiselia
1102 1735 1141 1803 de
1158 1735 1190 1801 la
1213 1731 1332 1801 Mothe
1360 1734 1509 1826 contigit.
1536 1736 1653 1826 Quum
1677 1729 1751 1804 satis
1773 1731 1851 1807 bene

637 1756 723 1916 111111
741 1855 810 1902 uno
825 1831 951 1923 ciyilere
966 1830 1089 1902 icienca
1115 1831 1200 1902 fabia
1216 1831 1260 1901 est
1277 1840 1297 1897 .'
1315 1829 1433 1900 terena
1445 1849 1523 1901 crat
1553 1830 1701 1919 mannis
1725 1839 1761 1903 ει
1785 1860 1857 1905 ma.

268 1993 272 2021 ‚
296 1993 300 2001 ,
434 1950 535 2021 gnus.
564 1932 733 2001 Venenum
748 1924 896 2022 clysmate
910 1929 1048 2001 inditum
1057 1926 1213 2030 putabar.
1241 1929 1370 1998 Mirum
1378 1931 1546 2024 quomodo
1560 1930 1794 2001 nnnsicierns
1817 1936 1855 2003 de

299 2088 302 2093 .
431 2050 466 2096 re
507 2047 562 2096 nte
578 2032 728 2122 contigit.
755 2032 809 2100 An
828 2037 862 2099 in
879 2054 958 2102 cavo
971 2032 1092 2130 hepatis
1105 2051 1194 2103 tanta
1210 2032 1363 2099 materiai
1389 2031 1459 2099 Aut
1475 2024 1533 2100 ubi
1548 2026 1592 2096 cst
1614 2043 1626 2093 .²
1651 2031 1852 2117 Deiectiones

369 2158 374 2168 ·
433 2126 465 2196 al
488 2121 627 2196 icabant.
654 2130 768 2198 Urinae
782 2149 870 2200 eram
887 2125 1039 2200 confusa.

485 2220 662 2324 Hispanus,
687 2227 831 2297 Nicolaea
852 2232 1042 2310 Honorata,
1065 2232 1224 2303 Nioolaus
1238 2224 1439 2307 Dubuinon,
1464 2226 1563 2323 neptis
1587 2230 1694 2294 uxoris
1717 2222 1858 2299 Gilberti

433 2329 576 2395 interiere
592 2347 672 2420 pene
687 2319 803 2396 morbo
827 2328 998 2396 confimili.
1023 2327 1186 2402 Omnibus
1207 2330 1340 2400 Medicis
1355 2331 1521 2421 negotium
1536 2323 1620 2392 dedit
1635 2370 1644 2387 ·
1669 2327 1776 2394 immo
1796 2352 1853 2397 au-

433 2424 491 2491 fim
508 2423 653 2502 asserere,
677 2418 831 2494 morbum
843 2451 908 2495 non
925 2429 1116 2499 intellexisse.
1145 2429 1330 2501 Difficultas
1349 2445 1416 2496 erat
1431 2420 1570 2522 spirandi
1588 2416 1735 2502 summa,
1769 2420 1853 2522 spiri·

430 2539 485 2591 tus
514 2519 659 2617 frequens
691 2526 869 2620 &parvus
901 2527 941 2594 ad
963 2547 1099 2596 mortem
1132 2524 1261 2620 usque.
1297 2530 1337 2592 ln
1369 2525 1449 2591 sicco
1487 2522 1587 2593 v'eluti
1618 2516 1735 2619 spirare
1769 2527 1852 2594 vide-

434 2613 580 2688 bantur.
626 2621 697 2691 Nec
727 2622 839 2701 tuliis,
871 2647 928 2694 nec
959 2621 1113 2723 sputum.
1155 2628 1177 2694 S
1199 2628 1310 2693 iritum
1334 2644 1373 2691 ne
1393 2622 1435 2691 ad
1476 2638 1678 2690 momentum
1712 2619 1853 2693 cohibere

432 2735 598 2884 poterant.
632 2719 746 2790 Eredco
772 2724 920 2818 paullum
941 2746 1073 2822 corpore
1094 2726 1139 2792 ita
1168 2649 1314 2889 hepums
1339 2726 1374 2791 δι
1399 2741 1536 2818 parvum
1571 2712 1764 2815 spirabant.
1801 2725 1854 2791 Fe-

457 2819 499 2885 ris
523 2841 588 2886 non
623 2837 691 2888 erat
715 2841 832 2915 magna
853 2869 865 2902 ‚
890 2845 946 2892 nec
958 2847 1033 2916 quae
1055 2821 1147 2891 istam
1171 2845 1204 2891 re
1218 2824 1405 2919 pirationem
1428 2823 1627 2913 requireret.
1662 2821 1783 2890 Medici
1803 2843 1852 2888 ac-

432 2909 586 2988 cusabant
600 2918 806 3017 pulmonem3
832 2921 885 2991 alii
901 2922 1087 2992 catarrhum
1104 2921 1162 2993 elle
1179 2916 1358 3021 putabant,
1382 2918 1435 2990 alii
1459 2917 1772 3000 inflammationem,
1797 2937 1852 2987 aut

431 3014 602 3113 phlogosrn
619 3020 800 3116 pulmonis.
826 3022 927 3117 Qud
944 3046 1010 3090 non
1022 3043 1088 3093 erat
1106 3017 1283 3100 credibile,
1308 3043 1412 3114 quum
1427 3012 1521 3085 febris
1544 3041 1609 3084 non
1635 3019 1708 3087 esset
1744 3014 1852 3088 saitem

433 3112 739 3189 oommemorabilis.
764 3120 834 3189 Nec
853 3114 1093 3215 phlebotomia,
1116 3142 1172 3187 nec
1203 3114 1374 3186 subductio
1388 3117 1452 3184 alvi
1474 3117 1581 3201 juvit.
1612 3118 1756 3186 Nicolaea
1781 3122 1853 3187 Ho

431 3236 545 3287 norata
568 3240 674 3311 quum
698 3211 784 3287 sebre
807 3219 890 3286 lenta
903 3211 1133 3292 laboravisse,-
1167 3220 1203 3284 &
1227 3208 1306 3282 bene
1337 3227 1463 3279 coenata
1481 3206 1584 3276 fuisset
1596 3253 1607 3285 ,
1639 3218 1739 3306 coepit
1766 3210 1854 3286 brevi

433 3307 548 3410 i'pirare
571 3321 607 3385 δι
630 3314 829 3411 frequenter.
855 3312 916 3383 Ista
932 3308 1094 3410 respiratio
1113 3312 1244 3389 mansit,
1268 3310 1368 3378 donec
1383 3300 1578 3404 exspiraret.
1607 3310 1800 3379 Remlimus
1819 3314 1854 3383 ad

433 3401 576 3484 verrem
590 3411 768 3487 inferiorem
788 3414 930 3489 malum,
956 3437 1021 3482 non
1038 3414 1078 3483 ad
1093 3413 1298 3510 pulmonem.
1325 3408 1390 3477 Alii
1409 3425 1535 3474 contra.
1565 3406 1686 3502 Aperto
1712 3411 1847 3483 cadave.

431 3534 491 3594 re,
516 3532 658 3613 repertus
690 3515 734 3584 est
754 3537 809 3584 ren
835 3515 941 3584 dexter
972 3512 1193 3611 purulentus.
1220 3509 1318 3580 Unde
1343 3499 1491 3576 credibile
1514 3525 1533 3573 a
1557 3528 1674 3600 vapore
1706 3509 1850 3603 maligno

431 3611 515 3677 hanc
530 3613 756 3705 orthopnmm
774 3615 884 3679 liccam
897 3611 1063 3678 indubiam
1077 3608 1181 3676 firilse.
1209 3600 1396 3674 Incredibile
1413 3610 1499 3670 enim
1528 3605 1635 3695 qualia
1662 3598 1848 3703 symptoma-

432 3722 466 3774 ta
481 3708 591 3773 afferat
606 3728 686 3773 aura
698 3721 848 3775 venenata
865 3726 885 3771 a
909 3725 991 3800 pure
1014 3703 1180 3772 tradusta.
1205 3701 1338 3783 Joannis
1357 3698 1474 3768 Tasiini
1487 3698 1617 3770 historia
1645 3704 1743 3772 fidem·
1759 3703 1846 3774 facit.

432 3801 492 3871 Sed
512 3806 547 3870 δι
569 3801 628 3869 alia
652 3799 831 3885 oonjcdcura
843 3801 994 3867 nitimur.
1020 3797 1094 3893 Post
1111 3799 1282 3869 diuturnas
1308 3789 1426 3876 febres,
1449 3815 1507 3866 aut
1520 3799 1595 3869 alias
1610 3800 1786 3873 affec’tioner
1793 3826 1847 3872 na-

428 3919 506 3971 tura
529 3897 605 3970 alias
617 3902 651 3968 in
675 3902 796 3975 cutim,
820 3898 897 3967 alias
920 3898 954 3963 in
969 3914 1074 3975 artus,
1097 3894 1172 3966 alias
1192 3900 1225 3966 in
1293 3914 1372 3966 rtem
1389 3896 1483 3966 aliam
1508 3900 1564 3967 reli
1591 3904 1657 3969 uias
1672 3908 1784 3972 veneni
1797 3902 1849 3970 de·

432 4001 542 4098 ponit.
569 4000 657 4068 Hinc
673 3989 869 4091 aliquil'oeda
883 3989 985 4064 scabie
1001 3997 1220 4074 maculantur,
1271 3999 1304 4065 'is
1318 3995 1526 4067 articulorum
1540 4000 1572 4068 la
1672 4009 1848 4078 eveniunt,

429 4100 500 4167 aliis
524 4098 737 4187 hemicrania,
763 4095 832 4163 aliis
856 4090 966 4190 species
988 4097 1155 4186 cujusdam
1170 4090 1374 4192 caralepstos,
1399 4096 1472 4163 hinc
1487 4090 1580 4174 ἄφωνοι
1587 4143 1598 4177 ,
1623 4106 1650 4181 39
1672 4093 1851 4162 uisam

431 4194 605 4287 aliquando
628 4194 819 4261 redduntur:
844 4193 941 4278 hujus
964 4195 1007 4260 rei
1037 4189 1251 4271 *hadrianum
1270 4187 1474 4292 apposuimus
1489 4200 1522 4263 in
1538 4191 1625 4263 libro
1646 4196 1850 4291 primoCon-

431 4293 574 4360 liiiorum
590 4288 788 4367 nostrorum,
813 4294 849 4360 δε
871 4293 993 4360 ratione
1017 4285 1242 4386 exposuimus.
1270 4295 1322 4364 Ut
1344 4297 1464 4363 mirum
1490 4317 1554 4362 non
1577 4292 1700 4372 struit,
1733 4293 1756 4361 fi
1782 4293 1849 4391 poll

430 4383 683 4461 obstruffionem
696 4382 853 4459 summam
895 4391 983 4459 rima
998 4392 1159 4481 regionis,
1185 4408 1224 4458 ut
1248 4412 1306 4462 nos
1330 4393 1619 4491 deprehendimus,
1651 4408 1772 4461 naturae
1796 4418 1849 4462 co-

430 4505 513 4559 natu
526 4490 696 4558 circitanum
715 4489 751 4556 sit
764 4413 903 4582 aliquid,
929 4490 1018 4583 quod
1032 4489 1174 4558 dolorem
1188 4492 1349 4571 intulerit,
1364 4498 1401 4562 bt
1414 4486 1578 4572 φλογόσως
1592 4486 1724 4587 speciem
1731 4515 1848 4587 quum·

431 4587 527 4664 dam,
550 4588 637 4657 unde
653 4586 824 4658 difficultas
848 4581 983 4685 spirandi
1009 4589 1045 4657 srt
1064 4584 1219 4659 insecuta.
1244 4592 1423 4686 Qomodo
1440 4609 1546 4660 autem
1564 4592 1705 4687 partium
1722 4588 1848 4662 inferio-

429 4700 507 4754 rum
520 4684 642 4755 affcdlio
664 4680 792 4758 brevem
807 4681 979 4783 spiritum,
1004 4693 1039 4759 &
1062 4684 1259 4783 frequentem
1284 4692 1413 4767 arietat,
1444 4685 1588 4785 pluribus
1618 4689 1846 4784 explicavimus

431 4786 465 4852 in
485 4805 515 4852 2.
542 4786 858 4877 tomoConsrliorum
873 4787 1074 4856 nostrorum.
1101 4790 1201 4857 Porro
1223 4787 1298 4857 huic
1321 4788 1434 4885 puellae
1456 4784 1621 4885 pulmones
1651 4809 1744 4858 erant
1768 4792 1846 4858 inte·

432 4885 502 4974 gri.
529 4881 743 4976 Aliquantula
760 4906 832 4980 pars
847 4878 1074 4953 adhaenscebat
1096 4884 1214 4964 collis,
1240 4879 1290 4953 sod
1313 4888 1346 4954 id
1373 4909 1438 4955 non
1456 4903 1523 4956 crat
1536 4881 1711 4964 affinium.
1742 4887 1848 4955 Nico-

430 4980 506 5053 iaus
529 5001 663 5075 quoque
678 4973 860 5078 Dubuiilon
883 4982 923 5077 hc
940 4985 1081 5078 irrectiir.
1107 4985 1140 5056 A
1163 5003 1315 5078 penetrata
1339 5007 1415 5082 arua
1440 4977 1586 5083 credibile
1609 5005 1741 5081 quoque
1750 4982 1848 5149 fillud

1504 5103 1520 5118 ..
1713 5119 1718 5124 ,
1766 5106 1802 5153 a„
