4534 5850
402 500 537 627 qx'
673 494 1499 595 corrxrnrnrxronri

352 674 384 750 st
403 677 537 747 medicos
551 666 655 767 palam
695 665 869 735 rofirentes,
893 657 985 752 quod
1001 658 1157 751 generales
1172 660 1281 727 animo
1297 661 1339 729 de
1362 664 1444 729 Arre
1468 657 1599 732 Medica
1617 623 1774 732 notiori&⁴

349 755 548 848 retirement,
559 786 613 831 nec
629 691 709 829 incia
730 750 787 827 sese
800 757 996 826 demittentes
1014 805 1026 836 ,
1050 762 1207 826 rationem
1222 762 1340 853 cuique
1355 753 1513 827 faciunda
1528 762 1690 831 medicina
1704 762 1760 831 ad-

264 877 276 893 ·
350 865 556 957 iubendaque
573 859 702 952 smgulis
716 880 820 956 opera
836 851 1106 928 molestarentur.
1132 859 1171 924 ln
1186 857 1244 926 hoc
1267 848 1443 944 nxm'pme
1467 862 1551 926 ratio
1566 865 1674 930 omnis
1693 883 1765 932 ver·

347 956 447 1040 titur.
474 968 591 1059 Qum
610 983 676 1028 non
692 960 813 1028 homini
829 952 880 1027 sed
896 957 1008 1028 Callia·
1034 963 1069 1028 δι
1096 958 1215 1029 Socrati
1245 955 1400 1024 Medicina
1425 956 1492 1023 fieri
1518 951 1659 1028 debeat.
1701 962 1768 1028 Va.

348 1057 426 1134 riam
444 1061 584 1129 aliorum
599 1059 639 1130 de
654 1057 814 1131 Tecmarst
839 1052 1023 1127 sententiam
1046 1061 1079 1125 in
1106 1058 1201 1128 Com.
1220 1053 1347 1125 adducit
1372 1053 1535 1125 Galenus:
1570 1058 1692 1128 Partim
1719 1059 1771 1132 rie

344 1153 524 1248 τικμᾶρσεως
548 1163 688 1230 nominis
706 1155 857 1237 ambitu,
882 1163 916 1227 &
933 1156 1095 1249 diagnosrn
1114 1161 1150 1227 dt
1165 1153 1336 1254 prognosin
1357 1153 1683 1249 comprehendebant:
1710 1160 1770 1229 alii

347 1250 542 1358 Tlrcrapian.
561 1263 669 1354 Atque
685 1263 729 1328 ita
744 1262 853 1326 Graeca
871 1282 933 1329 vox
950 1258 1015 1327 lraec
1034 1257 1123 1326 aliter
1141 1275 1240 1350 atque
1265 1255 1357 1324 aliter
1378 1254 1549 1349 explicatur
1568 1304 1578 1338 ,
1610 1280 1650 1328 ur
1668 1260 1769 1327 docet

348 1359 511 1430 Galenus.
537 1363 653 1428 Dicam
670 1358 760 1452 quod
778 1349 896 1427 sentio.
920 1357 952 1426 Si
969 1376 1086 1428 veteres
1105 1356 1288 1452 Therapian
1305 1352 1484 1430 coluerint,
1507 1379 1560 1424 nec
1574 1357 1652 1426 adeo
1672 1363 1772 1450 lgna.

350 1465 495 1552 tiaeque
511 1461 615 1526 minus
630 1455 765 1534 suerint,
788 1474 826 1525 ut
844 1461 879 1525 &
895 1457 1059 1549 diagnosrn
1085 1460 1119 1524 &
1145 1452 1315 1550 prognosin
1344 1457 1355 1535 (
1374 1448 1464 1545 quod
1483 1472 1656 1549 utrumque
1674 1459 1715 1524 ad
1741 1444 1773 1519 :l

351 1553 541 1641 separemus:
556 1547 658 1644 με’ρος,
683 1574 722 1624 ut
740 1555 888 1647 loquitur
914 1556 1083 1633 Galenus,
1114 1555 1279 1653 pertinet)
1303 1553 1606 1650 praetermitterent,
1638 1580 1700 1624 non
1728 1579 1768 1624 co

351 1654 481 1721 consilio
497 1654 689 1724 credendum
705 1673 821 1726 veteres
836 1647 879 1723 ab
897 1656 1092 1752 Hippocrate
1106 1647 1240 1724 accusari
1255 1653 1345 1746 quod
1369 1653 1532 1721 imminuti
1550 1660 1583 1721 in
1604 1655 1768 1723 nonnullis

350 1752 464 1833 esseut,
488 1750 583 1832 idest,
608 1746 759 1841 clampre
783 1753 1001 1848 neglexissent,
1026 1777 1063 1822 ac
1082 1753 1221 1831 sidicat,
1245 1750 1409 1845 diagnosrn
1437 1754 1473 1820 δι
1501 1755 1673 1850 prognofin
1698 1754 1768 1838 (ut

349 1855 484 1947 quidam
498 1856 693 1950 interpretati
711 1846 812 1939 sunt)
836 1846 888 1920 scd
904 1854 996 1947 quod
1015 1876 1121 1946 quum
1141 1850 1286 1949 praeclare
1304 1853 1337 1919 in
1355 1842 1506 1919 omnibus
1525 1853 1661 1923 Medica
1680 1854 1767 1922 Artis

350 1946 495 2047 partibus
510 1952 713 2029 excellerent,
737 1956 892 2021 rationem
907 1959 1028 2048 cuique
1045 1952 1281 2022 accommodate
1298 1949 1444 2019 medendi
1460 1944 1562 2020 sumta
1572 1953 1765 2021 indicatione

348 2068 369 2120 a
387 2049 534 2146 peculiari
549 2042 700 2143 cujusque
713 2070 848 2129 namra,
873 2049 995 2120 mirsam
1009 2047 1145 2120 fecissent
1166 2077 1175 2120 ε
1203 2055 1278 2121 Hoc
1297 2068 1402 2119 autem
1420 2044 1463 2115 cst
1487 2043 1645 2134 π’κμαρσιι
1669 2052 1766 2121 haud

349 2147 407 2217 esse
419 2142 620 2223 consecutos,
645 2171 719 2242 qua
737 2166 843 2217 tamen
863 2156 896 2217 in
921 2154 1031 2248 primis
1055 2151 1191 2220 tenenda
1213 2148 1284 2219 est.
1321 2151 1529 2246 Hippocrates
1542 2164 1649 2216 autem
1670 2150 1766 2219 illam

350 2240 503 2332 τέκμαρσιν
527 2241 735 2340 consequendi
751 2249 837 2317 viam
856 2253 956 2345 aperit
974 2267 1085 2319 contra
1105 2251 1237 2319 Gnidios
1252 2247 1395 2318 medendi
1413 2243 1597 2341 magistros,
1620 2248 1654 2312 ilc
1682 2248 1766 2316 alios

349 2367 457 2414 omnes
474 2350 530 2438 qui
547 2350 580 2415 in
596 2339 843 2440 generalioribus
859 2351 944 2416 Attis
958 2351 1119 2446 praecptis
1138 2349 1281 2449 preclare
1297 2342 1411 2419 verl'ati
1430 2394 1442 2428 ,
1466 2343 1667 2444 particularia
1686 2370 1766 2444 pra·-

347 2447 582 2523 tcrmittetent,
608 2468 681 2539 qua·
696 2464 802 2512 tamen
820 2448 977 2544 inprimis
992 2450 1159 2517 Medicum
1176 2447 1399 2518 commendant
1430 2469 1466 2516 ac
1490 2443 1662 2515 ostendunt
1681 2497 1689 2512 .
1726 2449 1764 2515 Iu

348 2540 439 2612 libris
457 2544 495 2611 de
512 2548 615 2614 Diaeca
631 2550 785 2640 proponit
799 2546 940 2642 exempla
963 2569 1106 2641 quorum
1129 2546 1295 2641 explicatio
1310 2543 1350 2612 ad
1370 2541 1588 2612 instruendam
1605 2544 1763 2641 explican-

347 2643 486 2734 damquc
512 2636 683 2726 rexuolpcxue
710 2645 775 2712 vim
792 2639 986 2741 pertinebit:
1011 2645 1099 2712 Nam
1115 2642 1271 2734 quando,
1295 2662 1365 2734 quo
1384 2637 1489 2708 morbi
1512 2659 1673 2740 tempore,
1697 2669 1764 2740 que

347 2745 380 2809 in
409 2734 572 2832 subjecto,
605 2763 673 2832 quo
699 2736 812 2810 habitu
831 2788 841 2819 ,
872 2741 933 2808 hoc
951 2741 1000 2809 vel
1015 2739 1095 2808 illud
1115 2734 1193 2808 usur
1216 2741 1337 2808 andum
1355 2739 1392 2807 fit
1411 2787 1422 2817 ,
1456 2733 1586 2810 abunde
1600 2743 1761 2839 explicat.

347 2839 489 2936 Exempli
506 2843 624 2933 gratia,
649 2843 730 2908 inter
746 2841 849 2923 edulia
866 2836 1111 2939 prestantillima
1137 2763 1259 2938 ptiidna
1284 2838 1426 2907 alimenti
1453 2844 1545 2928 juxta
1572 2864 1608 2911 ac
1630 2844 1763 2912 medica-

347 2935 609 3008 rnenti'sacultate
626 2939 771 3034 infignira
786 2938 848 3020 est:
873 2958 979 3009 tamen
996 2939 1054 3007 nisr
1067 2939 1125 3008 lrac
1142 2958 1199 3010 aut
1217 2938 1271 3008 illa
1288 2941 1541 3039 preparatione,
1578 2943 1639 3011 hoc
1656 2942 1707 3014 vel
1727 2943 1763 3013 il-

346 3039 380 3107 lo
398 3032 501 3107 morbi
519 3059 678 3137 tempore,
701 3037 761 3107 hac
780 3059 837 3108 aut
851 3040 905 3108 illa
921 3041 996 3132 aegri
1018 3057 1134 3108 natura
1152 3086 1162 3117 ,
1185 3033 1401 3116 exhibeatur,
1424 3042 1499 3134 aegri
1516 3040 1638 3110 damnis
1655 3043 1762 3140 pluri-

345 3142 405 3207 mis
422 3134 610 3208 obruuntur
627 3160 662 3205 ac
681 3138 889 3206 cumulantur
910 3186 919 3202 .
958 3140 1037 3207 Hac
1055 3136 1099 3206 est
1120 3131 1284 3221 Tx'xxepee
1308 3141 1392 3206 ratio
1410 3138 1554 3207 medendi
1573 3144 1764 3211 convenien-

345 3259 394 3307 ter
407 3246 523 3331 cuique
540 3262 577 3305 ex
595 3230 805 3337 perspicientia
819 3235 983 3331 peculiaris
1002 3242 1036 3304 δι
1056 3241 1235 3308 communis
1257 3229 1409 3329 cujusque
1424 3255 1547 3305 natura
1566 3259 1621 3332 per
1646 3232 1679 3299 a
1693 3263 1765 3306 rex·

263 3417 267 3424 ¹
345 3331 456 3412 xlae,
469 3334 576 3412 idest,
601 3336 695 3426 signa
704 3328 895 3428 syllogistica
910 3384 918 3399 .
943 3335 1055 3429 Itaque
1072 3336 1161 3407 nulla
1181 3359 1244 3410 vox
1263 3336 1378 3407 Latina
1393 3329 1436 3404 est
1453 3357 1527 3428 quae
1543 3357 1613 3408 vere
1629 3326 1762 3423 πκμέρ.

348 3459 414 3528 ceoe
430 3460 545 3506 nomen
564 3430 675 3506 referat
694 3452 790 3529 atque
804 3436 979 3533 exprimat.

357 3721 359 3726 Ι
437 3631 767 3695 ΡΙΤΑΙΟΦΥΕ“Σ
786 3629 1119 3720 praeteriremus,
1148 3633 1258 3706 latine
1277 3634 1366 3706 reddi
1385 3632 1504 3733 potest,
1513 3626 1624 3721 febris
1641 3631 1763 3703 adre-

454 3731 545 3795 tiana‘
562 3746 714 3796 naturam
735 3733 911 3799 accedent:
937 3750 994 3799 aut
1012 3726 1235 3813 adverbum,
1258 3731 1365 3820 feltris
1391 3737 1637 3823 tertiumgena.
1673 3733 1762 3822 Qui-

347 3827 422 3896 dam
449 3827 658 3897 hemitritaeon
683 3850 817 3898 cumea
842 3820 955 3907 febre,
979 3854 1052 3924 qua:
1075 3827 1243 3912 caninii:
1263 3833 1404 3912 dicitur,
1427 3834 1578 3903 videntur
1603 3825 1762 3902 coniudis-
1826 3911 1831 3919 ,

345 3922 397 4004 si,
419 3946 452 4021 at
468 3930 563 4023 longe
579 3920 778 4026 discrepant.
812 3932 852 3999 Et
867 3950 978 3999 eorum
999 3932 1110 4027 opinio
1125 3924 1270 4003 rob'orari
1333 3925 1390 4003 test
1407 3932 1601 4003 austoritate
1626 3935 1758 4028 Hippo-

346 4031 461 4095 c'ratis':
478 4031 584 4117 'hujus
600 4028 622 4094 sr
639 4026 747 4099 exasie
763 4022 860 4101 verba
874 4028 1125 4109 considerentur,
1150 4029 1259 4102 eadem
1279 3957 1340 4105 ξε
1355 4050 1498 4110 natura,
1523 4030 1678 4106 conditio,
1703 4031 1757 4093 in-

343 4126 475 4214 genium
489 4131 523 4193 &
542 4147 644 4193 mores
651 4137 665 4202 ‚'
687 4123 985 4223 itemsymptomara
1001 4123 1094 4198 sebris
1116 4123 1303 4207 wmxoposoe
1320 4122 1336 4211 ,’
1351 4131 1385 4200 &
1405 4128 1566 4205 sueonie
1582 4128 1751 4198 videntur:

345 4222 435 4290 Nam
448 4220 597 4317 particul.
620 4242 675 4306 23.
696 4216 798 4292 sectio.
827 4246 854 4319 r.
872 4220 927 4293 lib.
953 4249 979 4294 r.
1000 4224 1090 4326 Epid.
1111 4218 1217 4294 scribit
1234 4223 1370 4322 loquens
1384 4228 1423 4296 dc
1442 4222 1581 4297 febribus
1604 4219 1760 4294 semi-ter·

344 4324 370 4396 ,',
394 4321 504 4396 tianis3
530 4311 719 4388 infestabant
743 4317 1011 4407 aministrasset,
1037 4324 1224 4402 Continuae,
1250 4350 1317 4396 non
1333 4328 1597 4396 intermittentes:
1625 4317 1759 4411 sepivit

345 4421 368 4497 ,',
393 4411 592 4493 xirc'iretutire,
616 4411 712 4491 lustr
723 4411 872 4505 xuem‘pdo
888 4469 899 4499 ,
923 4423 958 4505 eir
969 4419 1004 4487 ‹lc'
1018 4423 1092 4511 supr
1106 4426 1226 4510 mapa
1242 4418 1406 4503 tolano:
1432 4423 1533 4506 idest,
1558 4425 1676 4494 modus
1692 4441 1759 4492 erat

344 4563 368 4603 ‚,
391 4506 528 4582 febrium
549 4509 848 4597 semitertianarum,
873 4543 942 4589 uno
960 4524 1090 4616 quidem
1117 4520 1168 4589 die
1195 4521 1295 4595 levior
1319 4544 1387 4593 erat
1402 4518 1521 4602 febris,
1554 4523 1657 4593 altero
1675 4545 1759 4592 accr-

345 4622 368 4692 ;,
394 4606 483 4679 bior.
513 4617 553 4683 Et
570 4615 654 4684 idem
671 4617 882 4715 Hippocrates
898 4628 1010 4718 partic.
1035 4643 1090 4710 ²5·
1107 4613 1180 4689 sete
1206 4643 1236 4687 2.
1254 4617 1310 4690 lib.
1336 4645 1364 4689 1.
1384 4625 1478 4721 Epid.
1495 4614 1618 4692 scribit:
1645 4615 1758 4691 febres

344 4725 367 4806 ,[‚
391 4729 481 4779 erant
498 4716 676 4793 continua,
700 4740 766 4783 non
784 4713 1050 4796 intermittentes,
1073 4714 1266 4790 invadebant
1293 4714 1605 4807 rpo'nrrreeretrput'c,
1630 4727 1665 4790 in
1689 4744 1756 4789 mo·

342 4860 366 4898 „
389 4804 579 4902 dum'febris
593 4816 761 4880 tertianam
779 4806 955 4889 referentis,
976 4807 1050 4887 usco
1063 4814 1120 4891 nl:
1134 4813 1375 4895 ὼοκυφῖζοπες,
1395 4813 1501 4904 >pulex
1518 4811 1754 4905 πιροξιωὸμεκι,

342 4959 364 4990 ,,
389 4934 456 4979 uno
470 4909 520 5004 die
537 4915 769 5024 temperatiores
785 4901 977 5002 levioresque
995 4905 1197 4990 exiliebant,
1215 4913 1315 4982 altero
1334 4913 1525 4998 acerbiores,
1553 4918 1665 4988 deinde
1683 4907 1756 4981 sub

338 5054 361 5091 ‚,
385 5010 453 5089 dir,
478 5003 558 5100 ῥίγει
575 5029 664 5105 necat
682 5000 813 5113 edane,
828 5002 1079 5106 &rideretis-e
1094 5002 1227 5109 initian,
1246 5005 1377 5109 indie«
1395 5014 1514 5103 aleca
1529 5011 1674 5091 mireo,
1692 5007 1766 5101 bx}

1636 5105 1710 5204 :a
