4534 5850
522 493 596 556 216
766 478 1559 561 ,GUL‘IEL·'BALLON11

465 655 595 718 nomine
626 645 866 728 cismarinum,
898 628 1060 719 necellario
1091 647 1214 718 malum
1250 646 1422 741 significet,
1456 665 1570 741 nempe
1594 636 1691 737 quod
1709 639 1747 715 sit
1768 629 1881 721 coni'ea

465 745 598 815 &arium
625 751 659 817 &
682 743 871 841 consequens
896 743 1001 816 morbi
1027 746 1144 815 statum
1168 748 1377 816 deteriorem.
1403 744 1462 812 Std
1486 744 1584 812 latius
1606 744 1717 814 eodem
1733 750 1876 827 sumto,

462 837 578 912 morbo
603 841 808 916 mansuetiore
841 847 992 924 reddito,
1026 854 1207 939 naturaque
1230 862 1339 912 contra
1364 848 1431 913 vim
1457 835 1562 910 morbi
1588 841 1717 924 uesta,
1748 838 1875 917 bonum

462 941 632 1033 significare
656 944 785 1041 potest.
816 947 954 1037 Qroties
984 949 1069 1011 enim
1094 937 1231 1012 febrium
1256 945 1376 1010 rarione
1399 934 1633 1010 increscenrium
1659 947 1694 1012 δι
1716 937 1875 1017 laetarum

461 1039 655 1111 deteriorum
681 1049 715 1112 &
740 1037 949 1134 dysenterias,
973 1046 1007 1111 δι
1033 1042 1095 1110 alia
1120 1043 1154 1109 id
1178 1062 1279 1136 genus
1302 1035 1499 1134 supervuiire
1524 1040 1692 1118 videmus,
1724 1065 1798 1136 quae
1824 1063 1876 1112 ta·

460 1141 550 1206 mersi
573 1163 630 1208 nos
664 1139 768 1209 statim
799 1160 940 1219 tenent,
972 1137 1049 1209 felici
1074 1158 1180 1211 tamen
1204 1134 1338 1208 successu
1363 1141 1398 1207 δι
1420 1154 1538 1208 eventu
1561 1161 1618 1208 nos
1639 1139 1814 1210 exhilarant
1838 1147 1877 1212 &c

458 1229 622 1309 solantur?
649 1234 849 1332 Ambiguum
874 1243 983 1333 itaque
1008 1233 1096 1311 verbi
1119 1232 1317 1316 tantuna,
1340 1234 1385 1304 est
1407 1230 1634 1333 dmiratrirmn
1646 1284 1658 1318 ,
1682 1241 1771 1333 quod
1797 1241 1873 1308 dili·

459 1355 569 1427 genter
593 1346 738 1408 annotari
761 1333 854 1406 debet
877 1362 917 1407 ne
941 1333 1016 1407 falsa
1039 1340 1178 1432 imagine
1201 1338 1429 1432 decipiamur.
1457 1336 1518 1403 -Ad
1553 1348 1726 1406 extremum
1760 1358 1871 1407 autem

457 1455 563 1504 unum
587 1431 746 1507 observari
770 1432 882 1505 debere
901 1432 1118 1505 vmonebimus
1148 1458 1188 1504 ne
1220 1431 1334 1504 frustra
1358 1437 1393 1501 δι
1418 1450 1532 1503 temere
1554 1454 1592 1502 ea
1610 1456 1688 1530 ¹qua
1713 1440 1744 1503 in
1768 1431 1871 1516 febres

458 1534 606 1603 incidunt
628 1532 816 1613 ἐπιγινόμενα
841 1537 1018 1613 dicamus,
1052 1553 1284 1632 proptereaque
1318 1532 1396 1625 signi
1429 1534 1494 1603 vim
1530 1527 1647 1602 babere
1669 1537 1842 1625 judicemus
1857 1548 1871 1604 .‘

455 1630 546 1701 Nam
571 1627 751 1709 smyrniam
775 1654 901 1732 oportet
927 1633 1025 1703 adesse
1050 1638 1171 1702 ratione
1197 1625 1328 1709 morbis
1361 1653 1425 1697 non
1450 1649 1579 1699 externa
1602 1632 1710 1726 aliqua
1735 1635 1870 1703 occasio-

454 1751 521 1807 ne,
546 1749 586 1798 ut
609 1750 682 1800 anre
706 1729 829 1800 didium
853 1730 924 1810 est,
949 1736 983 1802 δι
1007 1732 1096 1827 quasi
1120 1724 1277 1800 adhasum
1303 1723 1420 1797 habere
1443 1752 1517 1798 eum
1543 1752 1576 1798 re
1601 1728 1787 1800 esirrecefse:
1807 1755 1872 1829 pu-

452 1845 488 1894 ra
514 1829 537 1895 li
559 1847 688 1897 externo
711 1852 814 1900 errore
838 1835 871 1903 in
896 1832 1044 1928 pleuritin
1068 1831 1156 1900 fluor
1179 1830 1331 1908 incidat,
1364 1851 1430 1895 non
1462 1826 1506 1896 est
1538 1828 1588 1897 hie
1622 1830 1709 1897 liuor
1734 1853 1869 1899 numero

454 1920 698 2003 martyrisatus
730 1924 962 2008 accensendus,
1001 1933 1080 2023 quia
1111 1949 1150 1999 ut
1181 1932 1226 1998 ait
1258 1927 1329 1995 Gai.
1347 1927 1500 1994 Cornan
1525 1927 1652 2020 Aphor.
1684 1936 1736 1994 16.
1757 1924 1812 1996 lib.
1833 1936 1868 1998 6.

451 2024 598 2100 seviebat
616 2029 670 2090 ltu
687 2051 758 2092 aare
773 2027 963 2104 armonicales
973 2020 1324 2112 ιῄέηλυμόῳπρδςὰνιΐ.
1358 2021 1490 2090 Neoesse-
1506 2019 1551 2088 est
1573 2024 1605 2089 id
1630 2026 1722 2117 qnod
1748 2028 1872 2118 signifi-

450 2136 503 2186 eat
527 2121 636 2214 aliqua
661 2129 783 2195 ratione
806 2127 969 2226 copulari,
993 2127 1141 2217 conjungi
1155 2128 1201 2192 '‘&
1225 2117 1347 2191 arthesii
1372 2122 1414 2186 rei
1440 2120 1633 2212 significate:
1657 2120 1756 2199 idest,
1782 2146 1866 2192 ana-

449 2216 567 2308 logiam
590 2223 672 2289 inter
699 2218 727 2292 se
751 2219 867 2295 habere
890 2220 1006 2294 debent
1030 2231 1064 2297 δι
1087 2223 1261 2319 quamdam
1294 2217 1506 2297 relationem,
1539 2222 1616 2309 quia
1641 2220 1768 2287 sinum
1794 2247 1865 2290 non

450 2317 554 2411 potest
576 2319 609 2386 id
635 2320 804 2414 significare
827 2331 917 2414 cujus
942 2324 1066 2417 fignum
1099 2347 1164 2391 non
1198 2319 1269 2389 eli.
1307 2318 1500 2386 leotricenns
1531 2317 1584 2385 illa
1619 2238 1716 2388 verba
1748 2321 1863 2391 Graeca

450 2439 538 2485 nunc
555 2418 713 2498 adduc‘ia,
738 2430 842 2523 inepte
858 2429 892 2492 δι
912 2424 973 2491 sine
991 2417 1079 2492 sensu
1099 2426 1353 2518 interpretatur,
1385 2410 1554 2512 prasertim
1567 2419 1604 2482 in
1633 2417 1770 2485 Simonis
1796 2421 1864 2487 Co-

449 2512 532 2585 linaei
547 2514 803 2613 exemplaribus.
830 2523 980 2589 Preterca
1000 2516 1086 2590 verbi
1112 2513 1335 2593 dicarit-311
1358 2517 1407 2582 vis
1425 2510 1616 2582 manifestius
1630 2515 1731 2611 potest
1751 2519 1864 2586 intelli-

397 2669 399 2672 .
448 2618 539 2701 gier
552 2616 648 2681 Com.
666 2617 698 2679 in
715 2620 825 2710 partic.
847 2640 903 2699 47.
921 2609 977 2681 lib.
1003 2637 1034 2680 2.
1053 2617 1170 2704 Progn.
1192 2608 1249 2678 ubi
1265 2610 1400 2704 explicat
1415 2611 1494 2702 quid
1516 2611 1695 2704 significent
1709 2613 1860 2686 sternuta-

444 2728 581 2786 menta,
606 2733 662 2775 cor
752 2706 902 2788 morbis,
935 2728 993 2777 aut
1016 2703 1254 2795 wisuram,
1297 2722 1355 2773 aut
1379 2702 1608 2784 Μνήμων.
1643 2717 1685 2782 Et
1714 2712 1857 2814 Aphotif.

447 2807 625 2965 pepultimo
639 2805 661 2873 li
686 2815 745 2928 .q.
772 2801 1097 2977 qiuiiuggrdrylrrgqrpq
1110 2853 1120 2883 ,
1155 2811 1189 2875 &
1218 2827 1249 2924 '2.
1272 2798 1855 2977 dliaemogigfa’sdffi'maffim

445 2928 477 2965 υ
496 2919 603 2988 marn,
628 2929 688 3001 pro
711 2930 886 2985 tyysrtrcr.
1039 2923 1272 2981 ctt‘riyiroiatitit
1341 2928 1358 2973 c
1406 2928 1417 2974 l
1508 2929 1529 2973 u
1596 2930 1669 2979 ant.
1739 2955 1743 2960 ·

447 3098 829 3264 ΕΠΙΔῙΔΟᾛΑῙ
853 3106 942 3204 apud
968 3109 1199 3219 Hippocratem
1226 3107 1262 3170 in
1287 3096 1377 3174 libris
1401 3106 1440 3174 de
1466 3108 1775 3208 Diaetaacutorum,
1801 3110 1857 3181 ad-

445 3236 453 3244 ·
542 3204 705 3294 jesiionem
730 3199 791 3273 cibi
815 3201 912 3274 facete
938 3207 1114 3300 signifieat.
1143 3206 1222 3271 item
1248 3225 1352 3295 quum
1378 3205 1418 3273 ad
1443 3200 1532 3274 sanos
1555 3201 1688 3276 refertur
1702 3209 1859 3299 signifieat

443 3300 487 3368 ad
512 3305 650 3398 primum
676 3298 826 3373 bonitatis
850 3302 965 3375 flatum
988 3304 1111 3398 aliquid
1146 3302 1302 3389 adjicere,
1335 3323 1373 3371 ut
1405 3326 1509 3398 quum
1542 3299 1718 3401 Aplior.¹3.
1739 3301 1795 3373 lib.
1826 3330 1856 3373 r.

440 3397 630 3496 'Aphorism
653 3426 766 3500 corpus
791 3405 1009 3478 athletarum,
1041 3394 1407 3476 dedat'mn'mtalva
1430 3397 1559 3471 scribit.
1594 3405 1651 3474 Sed
1674 3411 1740 3493 eius
1762 3400 1857 3475 uerbi

443 3498 569 3591 elegam
592 3499 634 3569 est
659 3504 842 3594 fignificatio
864 3528 969 3597 quum
994 3495 1138 3569 absolute
1162 3496 1314 3578 sumitur,
1339 3524 1378 3573 ut
1401 3522 1506 3596 quum
1533 3503 1659 3600 Aphan-
1680 3527 1734 3591 3¹·
1751 3499 1808 3572 lib.
1824 3528 1854 3572 2.

441 3610 538 3666 'vocat
561 3597 677 3673 π’σῶμα
691 3596 868 3676 s‘mlilim,
893 3593 1150 3676 lulc’mlnliin.
1188 3597 1317 3694 Corpus
1341 3625 1405 3669 non
1454 3602 1608 3679 roficcre,
1640 3627 1707 3671 non
1733 3604 1855 3698 aliquid

444 3695 648 3761 emolumenti
673 3718 692 3763 a
716 3690 790 3765 cibo
813 3692 919 3765 sumto
942 3717 1077 3791 capere,
1106 3719 1150 3764 ac
1183 3698 1205 3762 si
1237 3698 1345 3768 dicat:
1377 3624 1472 3768 Niiil
1499 3690 1636 3769 sanitaris
1659 3703 1751 3789 adjici
1770 3752 1778 3768 .
1795 3747 1800 3757 ·
1815 3705 1854 3771 Et

343 3875 345 3880 Ι
442 3792 538 3860 Com.
555 3797 589 3859 in
617 3793 737 3889 Aphor.
763 3816 816 3882 3¹·
834 3788 889 3862 lib.
917 3816 944 3863 r.
973 3795 1113 3863 Galenus
1131 3801 1242 3862 -utitur
1266 3790 1449 3884 r'es'rrrpaplm
1465 3791 1650 3876 s'arililo'vaa,
1685 3796 1750 3877 lsai
1765 3798 1854 3865 {aaa

343 3883 347 3891 ’
441 3884 534 3972 urar,
559 3915 626 3963 non
651 3892 763 3960 alendo
787 3896 946 3991 proficere·
961 3917 1103 3991 corpus,
1128 3916 1186 3961 nec
1207 3895 1247 3962 ad
1272 3898 1415 3973 molem,
1448 3917 1502 3963 nec
1526 3895 1563 3963 ad
1590 3902 1698 3980 vires,
1722 3919 1761 3969 ut
1780 3904 1855 3992 qui··

439 3988 516 4057 dam
550 3994 820 4090 interpretantur.
856 3995 1009 4088 idemque
1042 3994 1169 4062 videtur
1202 3993 1257 4062 elle
1289 3993 1373 4072 σῶμα
1387 3988 1576 4076 amitam,
1600 3992 1853 4075 dodualcxfrn.

439 4087 500 4153 Sed
525 4092 668 4159 Galenus
690 4114 726 4159 ea
750 4091 899 4182 distingui
922 4094 1098 4185 eleganter,
1124 4098 1158 4160 &
1183 4092 1322 4187 apposite
1347 4087 1480 4171 scribit,
1503 4113 1542 4161 ut
1568 4090 1711 4175 irriso,
1737 4094 1778 4164 ad
1804 4090 1851 4161 fa·

437 4183 589 4253 cultatem
612 4209 726 4279 corpus
749 4186 892 4255 nostrum
917 4210 1075 4280 regentem
1100 4185 1273 4255 referatur:
1305 4184 1460 4251 abablium
1484 4190 1591 4259 autem
1619 4197 1658 4263 ad
1679 4198 1847 4292 'propriam

439 4287 580 4377 corporis
602 4283 820 4352 arleftionem:
847 4288 889 4353 Et
911 4279 1018 4351 :calm
1042 4285 1081 4351 ad
1109 4285 1225 4360 Vires,
1250 4279 1412 4347 r'mltllm
1434 4288 1475 4355 ad
1499 4313 1635 4388 corpus,
1660 4292 1754 4371 idrll,
1780 4297 1848 4381 ejus

437 4379 554 4451 molem
587 4377 759 4451 referetur.
798 4382 983 4478 Aliquando
1013 4387 1097 4452 enim
1120 4403 1234 4479 corpus
1258 4405 1321 4449 non
1346 4382 1471 4465 alitur,
1506 4412 1562 4458 nec
1586 4393 1688 4462 hilum
1713 4393 1845 4488 quidem

435 4481 564 4577 proficit
586 4473 633 4547 ob
657 4482 870 4551 infirmitatem
894 4480 1052 4552 facultatis
1084 4504 1199 4580 corpus
1232 4485 1422 4553 nutrientis:
1458 4488 1642 4581 Aliquando
1656 4487 1711 4562 'ob
1732 4505 1854 4592 pravo-

437 4602 510 4647 rum
534 4578 711 4651 humorum
736 4586 912 4677 congeriem
936 4590 969 4651 in
994 4606 1125 4681 corpore
1149 4579 1293 4659 fastam,
1317 4577 1465 4655 facultate
1488 4590 1609 4683 alioqui
1627 4593 1780 4662 valente.
1809 4592 1854 4659 ll-

437 4676 494 4746 lud
520 4678 560 4746 ad
585 4675 763 4751 facultatem
788 4687 915 4782 proprie
939 4680 1101 4758 refertur,
1125 4686 1157 4751 in
1184 4707 1253 4777 quo
1277 4686 1450 4780 proprietas
1466 4683 1553 4755 verbi
1579 4685 1690 4757 ratim
1710 4685 1852 4762 versabi-

438 4794 519 4848 tur:
546 4778 620 4848 Hoc
644 4800 751 4849 autem
776 4783 815 4851 ad
839 4808 878 4851 co
917 4806 981 4862 us,
1014 4786 1046 4850 in
1071 4803 1140 4877 quo
1163 4784 1334 4879 proprietas
1358 4777 1447 4852 verbi
1473 4780 1628 4852 r’maillm
1653 4785 1848 4888 apparebit.

431 4879 647 4975 Quamquam
672 4881 755 4948 dicat
777 4881 850 4975 quis
874 4808 1219 4958 iiiamiaistinetionem
1246 4902 1359 4975 parum
1383 4878 1581 4977 probabilem
1609 4888 1847 4983 videriquadi-

321 4978 324 4983 ’
438 4976 529 5052 &um
551 4978 623 5059 est,
649 5001 767 5078 corpus
789 4982 864 5051 alias
887 5005 953 5050 non
979 4983 1089 5073 augeri
1114 4983 1148 5049 &
1174 4980 1419 5076 proficere·prae
1450 4977 1609 5057 facultatis
1638 5008 1752 5086 corpus
1776 5008 1849 5053 mo-

1660 5088 1799 5159 demittis
