4534 5850
513 466 1510 567 isr-·ri-·iiriirn1·nusi,ri,n·n.
1615 494 1691 556 in·

307 615 661 720 Hpae'rtr'seadavereoen
678 611 794 690 tinius
818 612 1025 689 insentnseii
1047 615 1152 713 lapide
1175 610 1311 691 obiitus
1337 627 1386 691 exi
1432 647 1480 691 o.
1507 624 1580 698 Ren
1604 633 1638 697 in
1662 653 1732 703 ma.

382 812 387 818 ι
425 718 543 788 molem
560 717 771 808 undequaque
785 717 974 791 increverat.
998 707 1202 808 Adequabat
1220 739 1326 790 renem
1343 644 1504 794 bobbium
1534 730 1731 818 magiritudi-
1868 798 1870 803 ,

362 868 371 886 .
399 818 542 886 Paullum
556 807 645 882 finiri
661 815 758 883 inco
779 832 865 883 erat.
890 815 1010 883 Dexter
1022 814 1103 884 adeo
1119 834 1239 910 parvus
1256 835 1341 892 erar,
1366 836 1404 886 ut
1418 814 1481 890 i'cre
1506 844 1539 889 re
1579 828 1633 892 riri
1659 851 1725 894 non

309 921 468 1085 Ἧι.
495 910 849 1079 Μιιιιιαιιιξιιιιιίωιιι.
876 911 1051 1004 Numquid
1068 932 1180 982 verum
1202 912 1314 992 ilud,
1339 910 1501 988 areiubus
1552 915 1621 992 brec
1654 947 1726 993 ma.

307 1039 345 1086 ra
432 1035 464 1083 es
485 1030 571 1081 oonn

357 1115 517 1189 Dommus
539 1030 848 1181 Diffimde
863 1107 1015 1201 quodam¹
1028 1111 1142 1198 juvene
1165 1101 1267 1179 nobili
1293 1158 1302 1177 .
1328 1112 1417 1183 Huic
1445 1134 1538 1184 erain
1561 1100 1726 1192 ulcustula¹
1761 1168 1827 1228 m
1873 1160 1912 1224 ,a

306 1210 398 1283 nulla
410 1226 478 1281 arte
492 1201 659 1283 sanabilia·
687 1201 957 1279 Recrudescebaiit
981 1201 1086 1279 sanata
1111 1226 1125 1274 .·
1146 1208 1291 1277 Tandem
1316 1202 1418 1279 uisum
1436 1210 1481 1281 est
1504 1218 1682 1309 optimum,
1706 1220 1730 1288 ii
1760 1187 1901 1317 eamr:

306 1300 736 1404 hydrargyro-oblitteretur,
759 1310 795 1376 de
808 1326 915 1376 tamor
934 1299 1077 1401 sporatio
1100 1299 1153 1379 seu
1177 1300 1323 1378 salivario
1336 1332 1402 1379 non
1419 1333 1656 1407 procuraretur.
1684 1320 1733 1388 si-
1761 1336 1903 1393 annea.

307 1432 347 1480 ne
368 1402 491 1507 relapsu
514 1403 695 1479 conualuit.
854 1470 859 1485 ,
1096 1479 1099 1485 ,
1759 1431 1896 1479 rancus.

354 1511 475 1581 Recens
491 1524 601 1602 nupce
622 1503 717 1573 dolor
736 1502 779 1572 ad
802 1501 907 1571 linum
922 1501 1079 1601 pudoris.
1107 1503 1272 1573 Ulceratio
1295 1505 1405 1601 aliqua
1431 1557 1441 1575 .
1466 1510 1652 1584 Caruncula
1677 1519 1727 1585 in.

303 1626 461 1680 meat.
488 1597 663 1676 nnumin
687 1604 837 1682 maritus.
862 1599 1006 1669 Tandem
1021 1603 1183 1698 reperiunt
1198 1601 1345 1677 ananum
1358 1604 1415 1675 elle
1428 1629 1519 1688 eum,
1536 1635 1633 1702 quern
1641 1616 1729 1712 Hip-

303 1725 448 1874 Ἥ
459 1690 922 1892 ἷὲῗιῗῖιζὲᾞῗᾷἶᾈῗιῗ
933 1692 1491 1878 difficillilfiliii
1512 1711 1734 1879 bibims.

307 1921 418 2000 pertus
430 1898 474 1971 est
487 1900 621 1974 ommno
644 1895 826 1971 revolutus,
839 1894 1105 1990 &complicatus
1123 1913 1250 1965 uterus.
1275 1900 1377 1969 Hunc
1393 1893 1547 1975 morbum
1561 1929 1631 1976 non
1648 1911 1731 1978 omi..

306 2002 348 2069 fit
363 1994 509 2069 summus
522 1998 746 2093 Hippocrates,
769 2015 867 2086 quem
883 2011 977 2063 voest
994 1992 1269 2089 complicationem
1291 2015 1475 2071 uterorum.

312 2164 314 2168 ,
357 2098 570 2187 Rhotomago
608 2097 696 2166 venit
717 2091 874 2188 muliera
902 2091 1019 2175 Medici
1048 2090 1165 2170 ,relidi
1181 2112 1194 2160 .·
1217 2095 1298 2165 Haec
1316 2092 1539 2195 appetentibus
1559 2099 1727 2174 mensibus·¹

305 2198 453 2307 angitur,
477 2194 583 2270 dolet,
607 2188 683 2262 lurit
698 2189 1121 2300 melancholicorunmore.
1150 2192 1240 2303 Qid
1259 2197 1302 2305 rei
1319 2195 1356 2264 sit
1375 2193 1547 2268 dubitant.
1575 2202 1726 2312 Tandem
1764 2287 1772 2300 ι

305 2295 553 2467 tfflffiffi
565 2286 826 2457 ῑὶῐὲααῗᾶκιτιὲἑ
836 2309 942 2450 quem
967 2290 1180 2384 Hippocrates
1202 2313 1234 2361 in
1259 2286 1345 2363 libro
1368 2294 1408 2364 de
1426 2290 1530 2365 morb.
1549 2299 1724 2369 mulierum

355 2494 401 2562 Su
428 2512 462 2559 ra
478 2488 679 2565 notavimus,
701 2486 793 2566 initio
817 2486 992 2565 autumni,
1026 2489 1061 2554 δι
1085 2488 1241 2587 principio
1266 2487 1412 2568 Hamis,
1442 2491 1561 2564 multas
1583 2497 1730 2566 mulieres

287 2516 481 2660 inhiabas
496 2583 611 2663 fidles,
635 2605 740 2679 quum
756 2583 789 2653 id
802 2583 961 2654 uideretur
978 2585 1044 2653 lieri
1071 2588 1195 2654 ratione
1217 2584 1338 2658 astatis.
1352 2590 1552 2688 praecedentis
1576 2588 1729 2687 squalida

306 2692 341 2759 dc
356 2694 490 2761 omnino
498 2688 594 2772 licre.
620 2684 652 2754 Si
668 2682 843 2754 mulierum
859 2703 974 2779 corpus
990 2681 1165 2753 humidum
1181 2680 1353 2779 frigidum,
1385 2711 1445 2758 cur
1460 2713 1527 2760 non
1551 2685 1731 2781 juvabatur

304 2785 362 2859 ista
376 2785 502 2861 astate,
519 2791 560 2855 ’δι
573 2804 716 2880 uempore
729 2777 893 2876 squalido?
911 2784 956 2850 At
972 2804 1028 2878 per
1043 2783 1076 2851 id
1094 2802 1220 2882 tempus
1232 2793 1390 2858 attenuati
1408 2781 1483 2859 sunt
1497 2788 1669 2870 humorrsi
1693 2797 1730 2863 de

305 2904 412 2981 quum
429 2885 588 2982 percutis
602 2881 751 2951 densitate
774 2883 898 2950 exitum
910 2904 974 2949 non
995 2876 1166 2963 inherent,
1189 2880 1399 2983 supprellioiic
1434 2882 1500 2986 ipsa
1521 2893 1631 2988 potius
1664 2890 1728 2961 hoc

305 2977 411 3054 morbi
425 3005 527 3078 genus
543 2981 763 3058 adduxerunt,
787 3000 887 3075 quam
902 2979 924 3046 si
937 2979 1055 3048 humor
1073 3005 1140 3050 non
1165 2980 1237 3051 elles
1262 3002 1470 3056 attenuatus.
1497 2989 1639 3059 Galenus
1662 3013 1729 3060 nori

306 3077 424 3182 probat
437 3087 470 3152 in
484 3074 699 3179 Aphorimis,
724 3080 814 3173 quod
830 3079 1039 3173 Hippocrates
1052 3080 1138 3148 dicat
1158 3081 1336 3152 arthritides
1353 3086 1388 3151 in
1407 3078 1610 3177 squaloribus
1625 3110 1728 3180 vaga·
1833 3144 1839 3156 .

308 3226 332 3265 „
342 3197 345 3206 '
357 3186 399 3251 ri:
424 3181 560 3252 Dolores
575 3178 805 3259 articulorum,
828 3178 888 3270 qui
901 3177 985 3245 fiunt
996 3198 1035 3254 eir
1051 3172 1269 3257 fluxionibus,
1299 3180 1393 3249 nullo
1409 3183 1507 3251 modo
1519 3206 1575 3279 per
1589 3185 1738 3254 ficcitatcs
1765 3141 1866 3205 Μ
1888 3186 1899 3206 ’

308 3326 332 3365 ,‚
356 3284 544 3374 vagantur.
574 3281 722 3372 Denique
738 3274 901 3346 concludit
909 3298 975 3342 non
991 3297 1061 3348 vere
1076 3277 1226 3345 arthritin
1239 3299 1278 3346 co
1300 3296 1443 3375 tempore
1457 3282 1545 3361 lieri,
1559 3276 1610 3351 scd
1626 3281 1740 3380 pallio-
1873 3275 1881 3306 ²

305 3401 380 3450 irem
395 3380 573 3470 quamdam
587 3376 817 3449 articulorum,
843 3375 995 3440 nimirum
1013 3372 1235 3442 difficultatem
1256 3378 1433 3465 quamdam
1450 3398 1557 3446 motus
1580 3376 1625 3449 ob
1648 3381 1732 3450 ficri-
1764 3354 1872 3456 ⁰⁸⁸ffm,

304 3494 407 3548 tatem
425 3474 642 3543 immodicam.
658 3472 782 3539 Verum
799 3467 932 3561 quidem
948 3465 992 3535 est
1008 3468 1118 3535 hocin
1136 3463 1304 3545 maribus,
1330 3465 1380 3538 lid
1394 3475 1427 3540 in
1450 3470 1637 3546 mulieribus
1651 3500 1728 3554 conf
1763 3440 1888 3581 :pff-¹

304 3595 355 3666 rra
371 3571 473 3672 poreli
487 3573 624 3641 evenire.
651 3568 822 3638 Nimirum
837 3558 1086 3661 quibus-corpus
1109 3565 1222 3661 paullo
1234 3566 1385 3647 calidius,
1408 3592 1453 3640 eae
1466 3570 1723 3667 ponuntinndn
1764 3607 1896 3665 „muh-

306 3676 388 3743 rein
402 3672 573 3746 arthririn,
597 3665 763 3736 diffufionc
781 3665 927 3732 humoris
950 3666 1008 3757 qui
1022 3666 1143 3732 exitum
1160 3688 1225 3731 non
1248 3658 1361 3735 habet.
1400 3670 1572 3741 Declarant
1594 3673 1662 3744 duo
1692 3675 1728 3744 id
1762 3690 1902 3767 rumpas.

306 3772 397 3868 quod
415 3772 573 3839 diximus.
599 3768 687 3837 Nam
703 3789 767 3834 non
783 3762 885 3833 allate
899 3754 964 3859 ipsa
977 3781 1143 3857 coeperunr
1166 3765 1233 3833 fieri
1255 3764 1442 3847 arthritieae,
1475 3764 1526 3839 sed
1548 3792 1730 3854 autumno,
1758 3764 1851 3844 fiune.

308 3875 343 3941 δι
357 3872 523 3966 incipiente
529 3868 648 3937 hieme.
678 3857 830 3957 ldqucob
841 3857 1104 3959 suppreisionem.
1132 3863 1277 3932 Secundo
1290 3889 1354 3933 non
1365 3870 1486 3958 quavis
1496 3871 1610 3942 mulier
1623 3872 1735 3941 lichia-

309 3969 379 4039 diea
397 3965 479 4046 fuit,
503 3961 554 4038 sed
570 3989 614 4035 ear
629 3957 798 4061 prasertim
812 3984 881 4031 erm
897 3958 1093 4029 affeeiionem
1108 3961 1272 4038 tulerunt,
1295 3985 1368 4055 qua
1385 3967 1617 4038 intermulieres
1635 3970 1732 4041 eileiit
1809 4027 1814 4036 .

306 4068 453 4138 calidiore
460 4056 938 4162 temperamento,&fervidiore
953 4058 1064 4153 hepate
1071 4063 1126 4138 ,δι
1142 4053 1312 4150 sanguine,
1322 4065 1356 4129 &
1371 4054 1736 4141 seronore.savonaroia

307 4185 419 4238 eontra
433 4167 591 4236 Galerium
608 4163 700 4230 docet
714 4159 885 4255 quomodo
901 4157 1015 4226 siccitas
1029 4151 1193 4226 isclu'adem
1203 4158 1350 4228 inducar:
1374 4160 1460 4232 mala
1475 4166 1650 4260 complexio
1658 4168 1734 4239 sicca

308 4262 674 4435 ss‘ii‘i‘iffliidb‘i‘i?
687 4250 1663 4445 illiliiiiiill’„liiili'di'iiiilllli
1681 4265 1746 4335 Μ’

309 4483 371 4532 nus
386 4469 520 4538 omnino
534 4456 689 4553 frigidum
704 4460 739 4526 δι
757 4457 946 4534 humidum,
969 4451 1053 4524 facia
1077 4478 1151 4524 cum
1177 4456 1254 4525 viris
1274 4458 1525 4553 comparatione:
1559 4462 1641 4530 niter
1656 4385 1736 4530 rugii..

309 4562 399 4630 lieres
417 4554 506 4638 sunt,
530 4582 606 4655 qua
630 4551 798 4626 abundant
817 4556 920 4623 calore
939 4557 1019 4622 acri:
1035 4558 1068 4622 δι
1082 4557 1140 4646 qui
1156 4553 1232 4620 iales
1256 4551 1405 4623 humores
1428 4573 1574 4645 generat,
1606 4577 1645 4627 ut
1659 4552 1735 4655 sup-

309 4656 463 4757 preffiune
474 4655 660 4728 tenuiilimae
679 4647 751 4723 bilis
766 4657 801 4729 dc
826 4653 962 4731 ichoris,
985 4653 1124 4719 maxima
1149 4656 1184 4718 in
1211 4671 1397 4742 congeneres
1418 4645 1548 4721 morbos
1571 4657 1739 4752 propensio

307 4758 385 4829 suat.
413 4755 704 4849 Declamireaquae
718 4752 976 4850 paullodiximus
991 4767 1065 4819 anie
1081 4770 1119 4819 eii
1133 4746 1224 4845 Epid.
1235 4741 1292 4815 ubi
1306 4757 1532 4820 annotavimus
1546 4758 1580 4819 δι
1594 4760 1731 4842 purnes,

310 4860 349 4927 δι’
364 4850 511 4922 mulieres
525 4853 640 4924 multas
661 4853 825 4921 communi
838 4840 1134 4946 morboprehensas
1159 4842 1262 4916 fuine:
1294 4852 1421 4931 juvenes
1429 4872 1485 4945 pet
1498 4843 1544 4925 sc,
1561 4852 1596 4914 δι
1606 4855 1734 4964 propria

303 4954 530 5054 ¹generatione,
553 4951 696 5022 mulieres
711 4974 787 5022 vero
799 4971 855 5046 pet
878 4949 1038 5026 accidens,
1054 4950 1088 5017 δι
1103 4940 1170 5039 sola
1188 4938 1414 5042 supprell'ione,
1433 4939 1737 5027 &ridiqdwpnnin

266 5121 280 5130 ,
353 5107 357 5114 .
377 5117 379 5122 ,
409 5049 555 5152 fridarii
570 5051 666 5152 Οριντ
692 5051 817 5119 Tunius
827 5049 857 5115 I.
1270 5044 1300 5109 G
1355 5064 1370 5128 3
1619 5035 1693 5102 No-
1781 5055 1785 5060 ·
