4534 5850
546 450 628 518 ΕΤ
677 436 1305 525 EPHEMERIDUM,
1354 436 1483 512 tra.
1533 442 1559 511 l.
1687 468 1706 527 7

340 592 379 659 de
394 584 570 657 domesticis
594 578 797 683 disputabat,
824 589 856 654 in
872 589 979 657 ceteris
995 587 1111 658 delirus
1135 592 1284 658 omnino:
1310 589 1446 686 Spiritus
1470 585 1580 657 tardus
1597 577 1760 654 imbecilli·

341 692 416 760 tatis
441 681 556 756 cerebri
580 687 689 762 index,
715 704 801 754 ratus
826 682 979 757 facultatis
1004 693 1069 779 ejus
1093 692 1286 758 infirmitatis
1312 712 1379 782 qua
1411 688 1581 780 intelligere
1606 678 1759 750 debuerat

339 784 373 857 st
401 808 516 880 magna
541 806 629 877 cgere
654 778 855 882 respiratione
880 805 919 855 ut
942 781 1014 856 usui
1041 781 1184 857 satisfac.
1212 791 1261 859 Sic
1286 790 1332 858 vis
1358 787 1549 878 hattlligendi
1576 778 1667 853 nobis
1682 801 1759 846 cum

342 884 448 957 brutis
470 887 647 953 communis
672 887 705 951 in
730 879 845 954 cerebri
871 902 1122 984 temperamento
1144 888 1202 957 sita
1227 885 1389 978 elanguit,
1414 888 1460 956 vis
1478 887 1615 954 hominis
1632 879 1760 978 proptia

342 1001 413 1057 'erat
437 1002 548 1077 vegeta
580 988 614 1052 δι
640 983 773 1062 erecta,
809 987 917 1078 itaque
941 986 1017 1054 alias
1042 1005 1180 1057 mentem
1205 1003 1357 1079 aegrotare
1384 1003 1477 1082 putat
1502 987 1656 1080 Hippoct.
1683 977 1760 1045 alias

344 1101 482 1156 mentem
507 1099 721 1177 naturamque
744 1083 901 1152 occultam
925 1108 1028 1180 neque
1053 1089 1222 1156 mutationi
1246 1083 1306 1155 ulli
1330 1078 1525 1159 obnoxiam,
1559 1083 1656 1174 idque
1681 1078 1762 1145 divi-

345 1188 431 1255 niore
455 1183 601 1276 quodam
624 1179 755 1251 afflatus
781 1185 911 1252 numine
929 1180 1047 1254 censuit
1073 1186 1164 1280 quast
1196 1189 1243 1257 vis
1267 1183 1321 1251 illa
1347 1205 1404 1251 nec
1429 1183 1523 1250 diaeta
1547 1203 1602 1248 nec
1627 1198 1695 1246 aere
1719 1174 1767 1244 al-

345 1285 440 1353 terari
457 1279 565 1380 poslit.
593 1284 633 1348 ln
658 1275 909 1374 ConsuleRegio
934 1285 1016 1354 idem
1041 1279 1224 1360 observavi,
1250 1285 1311 1376 qui
1335 1305 1440 1375 quum
1475 1277 1596 1348 summe
1621 1277 1765 1343 deliraret

345 1382 437 1450 nulla
461 1384 582 1451 ratione
591 1375 807 1450 adducebatur
823 1383 879 1449 nifi
904 1407 1010 1476 quum
1043 1384 1083 1453 de
1108 1387 1183 1453 Deo
1206 1381 1379 1451 disserentes
1403 1381 1549 1456 audiret,
1575 1394 1675 1445 cetera
1699 1388 1766 1440 etat

345 1481 561 1581 phrmiticuS,
585 1482 686 1548 immo
698 1480 788 1575 quod
804 1499 897 1550 uocat
922 1485 1129 1579 Hippocrates
1146 1480 1268 1552 accitani,-
1290 1480 1304 1544 ι’
1325 1483 1484 1556 tta'uttoe.

399 1579 450 1648 Ad
477 1578 679 1676 Hydropicos
709 1580 869 1673 numquid
904 1601 945 1650 ut
967 1584 1068 1677 vulgo
1104 1585 1142 1652 lit
1166 1583 1273 1680 Julcpi
1306 1586 1341 1651 &
1366 1595 1550 1678 apozemata
1574 1568 1766 1642 conserunt?
1783 1587 1930 1671 sm&

349 1681 469 1750 Amaon
494 1672 550 1747 sua
574 1680 606 1749 vi
630 1678 782 1748 diutttica
808 1679 837 1746 id
864 1681 955 1773 quod
979 1685 1105 1751 tenuius
1129 1681 1173 1751 est
1198 1704 1253 1780 per
1278 1703 1364 1750 renes
1388 1679 1570 1752 deducunt,
1590 1669 1768 1740 'crathorem
1791 1683 1880 1738 Aroe.

349 1796 474 1876 partem
494 1777 706 1869 relinquunt?
735 1779 778 1844 At
807 1776 867 1844 lroc
891 1773 1042 1847 morbum
1067 1801 1179 1873 auget:
1205 1779 1366 1872 numquid
1391 1776 1536 1844 radicum
1561 1774 1608 1842 vis
1632 1766 1770 1835 costione
1790 1757 1916 1855 astrepi-

350 1867 516 1949 exolescit,
541 1873 674 1968 &plus
698 1873 887 1942 humiditate
911 1898 1012 1968 aquea
1036 1879 1224 1946 decoctionis
1248 1876 1386 1945 officitur
1410 1897 1511 1969 quam
1536 1873 1568 1941 vi
1592 1866 1771 1963 qualicum·
1793 1852 1930 1987 aaz?

352 1995 419 2065 quc
444 1971 627 2062 hydragoga
653 1967 769 2039 inclusa
794 1974 913 2069 prosit?
940 1992 979 2041 ut
1002 1970 1194 2047 convalescas
1219 1978 1371 2052 omnino,
1398 1992 1478 2072 potu
1505 1965 1770 2068 temperandum,
1919 1943 1931 1977 ⁶

350 2076 388 2142 ἃ
414 2070 523 2162 liquor
546 2089 768 2166 aporematum
793 2067 945 2140 conferet.

402 2169 484 2238 Sunt
507 2170 565 2261 qui
582 2187 701 2260 negant
716 2165 855 2238 conserte
872 2174 984 2242 vinum
999 2166 1110 2242 album
1134 2173 1253 2242 lienofis
1280 2177 1314 2242 δι
1341 2168 1598 2244 melancholicis,
1621 2162 1713 2255 quod
1738 2157 1772 2226 id
1833 2211 1933 2270 mm

353 2262 482 2360 subigat
497 2263 594 2334 inslar
607 2264 748 2337 hementi
763 2263 892 2338 succum
907 2271 1168 2340 melancholicum
1185 2273 1245 2339 illic
1262 2270 1510 2364 restagnantem.
1540 2266 1592 2334 An
1618 2260 1698 2328 illud
1718 2277 1772 2324 ve·
1795 2283 1896 2341 album

354 2381 449 2436 rum?
474 2365 599 2433 Contra
613 2357 791 2434 substantia:
815 2371 968 2435 tenuitate
985 2372 1091 2436 urinas
1115 2375 1150 2436 δι
1174 2363 1302 2436 sudores
1327 2385 1451 2438 movet.
1797 2360 1902 2433 liettss

406 2467 487 2559 Qo
510 2463 583 2560 plus
606 2465 752 2533 nutritur
775 2466 941 2562 impurum
966 2489 1108 2563 corpus,
1141 2489 1179 2534 eo
1204 2466 1331 2535 laeditur
1354 2467 1479 2558 magis,
1512 2481 1571 2527 cut
1595 2477 1700 2525 tamen
1724 2444 1773 2519 bi-

355 2563 437 2632 liofis
461 2566 562 2629 immo
585 2563 767 2630 catarrhofis
802 2563 814 2647 (
842 2558 1077 2658 inquibus&
1101 2565 1267 2661 impuritas
1290 2564 1335 2633 est
1361 2569 1395 2634 &
1428 2557 1562 2629 excelsus
1599 2551 1772 2632 humoris)

355 2661 465 2732 Μὴ
492 2661 616 2728 malum
685 2664 746 2729 tius
772 2680 908 2755 augent,
933 2686 1008 2732 nam
1034 2666 1133 2732 inanis
1160 2665 1354 2734 ventriculus
1380 2668 1414 2732 &
1439 2654 1607 2729 exhaustus
1633 2640 1774 2722 satiatse
1825 2670 1935 2721 catur.

356 2762 489 2858 ῙῐῐῐΡῑΠῘς
515 2685 731 2839 humiliis:
757 2755 828 2829 bilis
852 2757 1022 2832 ferventior
1045 2763 1215 2831 redditur:
1241 2764 1363 2832 Contra
1388 2783 1485 2835 acer,
1511 2748 1689 2846 acutusque
1713 2749 1776 2817 hu·
1797 2738 1937 2814 rhofisnt·

357 2880 430 2927 mor
455 2853 648 2950 benignitate
663 2859 804 2929 alimenti
819 2863 1001 2955 mitigatur.
1029 2864 1078 2933 Sic
1094 2866 1126 2932 in
1142 2860 1293 3031 ffiilenti
1312 2860 1395 2931 statu
1413 2854 1548 2930 accidilie
1576 2870 1685 2922 narrat
1709 2851 1776 2917 Ga-
1797 2837 1851 2960 Τ,
1880 2834 1938 2880 ''³“

357 2958 453 3028 lenus
475 2981 583 3029 omnes
606 2955 668 3027 lere
691 2957 773 3055 peste
797 2955 952 3056 perculsos
977 2965 1105 3033 mhume
1118 2967 1146 3032 ci
1229 2958 1413 3032 fastidientes
1438 2955 1560 3031 evasrlle
1587 3003 1599 3035 ,
1622 2949 1775 3021 uxorin:
1821 2928 1829 2961 ⁸
1860 2942 1868 2962 ⁴

356 3075 467 3128 autem
483 3081 593 3129 omncs
616 3056 682 3128 sato
706 3054 833 3129 unetos
857 3056 960 3129 fitille.

409 3150 523 3225 Nobili
546 3159 673 3227 cuidam
698 3158 829 3223 r’clcacta
847 3157 929 3228 hrit.
955 3160 1122 3258 Supprello
1147 3163 1247 3231 urinae
1271 3156 1435 3260 profluvio
1459 3154 1640 3246 lethargus>
1664 3148 1705 3217 de
1726 3140 1779 3213 fu·

359 3276 434 3325 nere
458 3259 639 3349 cogitatur,
665 3256 832 3352 largiliime
857 3259 993 3356 profluit
1018 3264 1128 3338 urina,
1154 3255 1242 3331 brevi
1268 3279 1374 3329 tamen
1391 3260 1548 3326 moritur.
1578 3250 1676 3321 Unde
1696 3246 1781 3315 hoc?

358 3356 440 3447 quia
464 3349 635 3451 suppressio
658 3360 763 3423 omnis
795 3362 981 3426 excrementi
1008 3352 1096 3425 serost
1120 3357 1316 3451 potiffimum
1340 3375 1442 3450 partes
1467 3347 1585 3420 nobiles
1609 3350 1781 3439 inquinat:

360 3454 406 3521 Et
430 3452 554 3515 tametsi
576 3457 642 3533 ejus
666 3441 775 3511 cursus
792 3454 937 3522 redierit,
963 3476 1028 3509 non
1053 3454 1179 3537 perinde
1203 3452 1331 3509 meliore
1355 3452 1425 3508 loco
1449 3442 1523 3508 sunt
1554 3465 1602 3507 res
1626 3458 1782 3529 aegrotan·

360 3565 449 3616 trum
466 3590 475 3609 .

413 3638 572 3711 orandas
595 3636 742 3708 mulieres
765 3641 920 3717 tormina,
944 3635 1068 3707 dolores
1086 3682 1098 3719 ‚
1132 3637 1364 3735 nephriticique
1383 3650 1520 3707 vexant:
1555 3635 1609 3704 An
1633 3624 1783 3723 clymata
1801 3692 1944 3746 mm

364 3738 452 3814 lotus
470 3745 505 3810 &
522 3739 599 3807 litus
614 3741 826 3811 conveniunt?
852 3738 1045 3810 Cavendum
1062 3736 1199 3808 nedum
1219 3737 1250 3805 id
1267 3739 1322 3819 fit,
1346 3736 1537 3809 effeminatio
1555 3734 1697 3833 partium
1712 3748 1783 3802 ute·
1796 3764 1930 3839 mg„

365 3844 511 3912 ulnarum
524 3830 740 3933 consequatur
755 3838 842 3909 unde
858 3832 990 3907 aborsus
1007 3838 1080 3907 fiat.
1801 3844 1945 3902 incudum

416 3937 648 4008 Phthistcorum
665 3940 715 4007 alii
735 3933 854 4008 ffimme
866 3954 1095 4017 extenuantur,
1110 3932 1230 4030 quibus
1247 3929 1360 4005 scilicet
1378 3936 1517 4033 partium
1538 3926 1711 4004 lblidarum
1727 3928 1785 4001 ali-
1804 3935 1922 3984 ”mv-

368 4055 515 4109 mentum
529 4041 766 4135 corrumpitur:
791 4038 859 4107 aliis
874 4055 999 4107 tumuit
1013 4054 1071 4105 aut
1086 4035 1197 4133 pedes,
1221 4053 1280 4104 aut
1296 4030 1404 4112 facies,
1423 4033 1597 4125 aliquando
1613 4051 1702 4103 totus
1726 4031 1786 4099 ha·

368 4133 472 4208 bitus:
499 4132 553 4206 Ab
567 4138 675 4206 eadem
690 4139 894 4235 corruptione
910 4138 943 4206 id
962 4138 1017 4215 fir,
1043 4128 1091 4203 sed
1107 4126 1227 4204 diversa
1243 4137 1381 4204 ratione.
1407 4126 1518 4202 Nobili
1541 4133 1612 4203 vito
1625 4122 1738 4199 tabido
1751 4130 1788 4200 δι

371 4236 527 4336 phthifica
543 4233 637 4334 stirpe
653 4255 729 4305 nato
745 4240 853 4335 paucis
869 4253 1043 4331 antequam
1059 4253 1238 4303 moreretur
1251 4225 1365 4303 diebus
1388 4246 1476 4303 totus
1499 4227 1562 4303 fere
1585 4224 1717 4302 habitus
1741 4228 1790 4296 in-

370 4338 496 4406 tumuit
512 4358 550 4405 ac
569 4330 1011 4433 srhyposarcidiolaborarct.
1038 4334 1097 4404 Sed
1110 4333 1203 4429 quod
1229 4336 1349 4403 mitum
1365 4326 1428 4401 lirit
1446 4350 1560 4402 tumor
1583 4348 1650 4400 erat
1672 4325 1791 4422 fugax,

372 4436 459 4507 unde
474 4436 558 4506 hoca
584 4433 657 4503 loco
675 4428 834 4528 sanguinis
851 4437 950 4535 hepar
970 4427 1124 4506 tabescens
1140 4433 1258 4507 halitus
1282 4434 1437 4527 malignos
1451 4422 1638 4528 gerrcrabat:
1663 4431 1792 4527 Hippo·

373 4554 471 4606 crates
489 4536 551 4604 hoc
559 4529 622 4603 suis
637 4527 836 4634 temporibus
859 4534 1083 4607 animadvertit
1099 4530 1205 4605 t'eittet
1222 4530 1277 4615 μὴ
1295 4528 1323 4601 itt
1339 4531 1396 4601 trit
1413 4529 1632 4603 ierotheum
1652 4523 1712 4596 tior
1730 4534 1755 4612 it,
1772 4526 1792 4592 ι’

375 4632 456 4706 siro:
477 4628 621 4712 :laiseinai
649 4634 842 4711 anatomia,

428 4736 521 4803 Dum
541 4736 658 4828 regalia
675 4728 875 4808 celebrantur
892 4740 928 4807 δι
944 4738 1021 4811 vino
1047 4737 1278 4837 Hippocratico
1300 4736 1460 4807 aromatici
1477 4733 1684 4829 indulgetur,
1708 4728 1794 4801 mul·
1810 4690 1947 4853 mas*

375 4834 418 4901 tis
443 4832 639 4905 tonsillarum
655 4836 924 4909 inflammationes
942 4838 1154 4932 contingunt.
1177 4834 1316 4909 Cuidam
1333 4839 1459 4929 juveni,
1484 4837 1543 4931 qui
1566 4832 1648 4907 illud
1669 4836 1794 4920 ,vinum
1811 4856 1916 4932 ,perata

376 4923 527 5010 biberat,
543 4930 583 5003 de
600 4934 691 5008 noete
706 4930 959 5035 mgimoborta,
981 4961 1089 5037 quum
1102 4934 1521 5105 lmgnmrpugulum
1527 4932 1637 5028 gladio
1650 4927 1776 5092 aperuit
1784 4970 1796 5006 ,
1814 4936 1920 5009 angina

1367 5108 1369 5113 .
1434 5056 1459 5118 4

1668 5026 1747 5094 anici
1813 5010 1931 5090 prefuit·
