4534 5850
516 470 1538 553 .rrrvnanaa1oum,x1o.u.
1636 488 1708 564 m,

334 609 443 693 Postea
466 631 543 688 vero
568 612 764 710 illepidulus,
788 603 981 680 morosus&
1006 601 1180 686 subtristis,
1206 603 1393 680 cervicosus.
1422 611 1573 684 letericus
1597 612 1700 688 laam
1717 609 1759 681 dc

334 732 478 809 repente.
504 706 783 782 febriculaAlvi
807 710 1011 808 profluvium
1035 702 1192 786 albicans,
1222 703 1321 794 fetens
1337 713 1372 778 δι
1386 732 1596 809 corruptum.
1622 720 1671 782 Ita
1687 730 1761 805 per·

333 804 489 884 severavit
502 804 556 906 poi
578 811 642 878 dics
675 831 727 901 ¹5·
754 810 992 879 Medicamenta
1015 799 1171 874 obstinate
1194 802 1379 877 abhorruit.
1405 814 1524 904 Quum
1549 814 1597 881 nil
1626 812 1687 883 tale
1704 831 1760 879 coe

336 914 511 1003 giraretur,
533 901 681 977 stridebat
710 903 859 978 dentibus
885 956 897 988 ,
923 906 964 975 ad
996 908 1189 995 interrogata
1221 927 1285 972 ison
1318 899 1535 1002 respondebat.
1570 914 1670 981 Mane
1694 927 1759 977 vox

335 1009 472 1102 querula
494 1001 675 1077 horrrliilis.
703 1008 789 1078 Tota
812 1009 862 1076 die
887 1001 1007 1084 ἃφωνσ.
1034 995 1283 1075 Convellebarur
1315 1003 1423 1074 nobie.
1443 1008 1568 1078 'Veluti
1597 1006 1761 1082 exllaritus

333 1126 416 1176 erar.
443 1108 515 1174 Vox
532 1107 731 1177 inarticulata
754 1113 789 1176 &
808 1106 941 1196 ejulatus
965 1126 1118 1198 magnus.
1149 1101 1397 1174 Convulsrones.
1431 1108 1540 1177 Mors.
1576 1104 1759 1205 Expirando

334 1197 506 1275 enaribus
528 1210 665 1278 excrevit
690 1200 792 1273 nescio
815 1205 895 1300 quid
912 1197 1120 1298 subnigram,
1145 1203 1180 1268 dt
1209 1191 1386 1273 subviride.
1420 1200 1682 1287 Dubitabamus,
1714 1226 1757 1273 an

334 1305 364 1371 id
390 1329 410 1375 a
433 1298 560 1384 terebro
582 1304 676 1384 esset,
700 1326 742 1372 an
767 1298 905 1374 recursus
928 1303 1061 1396 liquoris
1087 1300 1308 1370 medicamenti
1333 1304 1422 1396 quod
1446 1305 1576 1375 datum·
1595 1324 1683 1380 erat,
1714 1299 1757 1369 ad

334 1425 384 1481 os,
410 1407 445 1472 δι
468 1398 512 1472 ab
535 1425 592 1472 ore
615 1403 657 1472 ad
682 1420 786 1477 mres.
813 1408 849 1472 ln
877 1397 1006 1472 cerebro
1032 1400 1078 1468 nil
1113 1395 1388 1470 commemorabile
1419 1398 1645 1500 deprehensum
1677 1397 1758 1475 ests

334 1502 423 1594 quod
439 1508 552 1577 mortis
576 1496 668 1573 caua
693 1500 812 1573 sciisset.
840 1503 957 1571 Pulmo
983 1503 1097 1573 vitium
1121 1501 1239 1594 insigne
1262 1521 1474 1572 contraxerat.
1507 1505 1658 1575 vitiosius
1690 1514 1758 1568 erat
1784 1527 1919 1583 Hemone

334 1600 452 1698 hepar,
477 1605 513 1670 ἃ
540 1602 628 1672 velut
655 1594 824 1688 affixam»
848 1648 859 1669 .
884 1602 981 1669 Anno
1004 1593 1160 1695 superiore
1187 1619 1259 1668 aitte
1281 1582 1415 1670 moi'te‘m
1434 1590 1760 1688 exairthematisfedis-
1784 1607 1905 1682 quidam

333 1698 417 1767 limis
442 1693 663 1779 laboraverat,
696 1695 799 1770 &ab
831 1721 869 1766 to
898 1718 1040 1794 tempore
1070 1723 1138 1767 non
1168 1693 1248 1768 belle
1276 1695 1448 1769 habuerat.
1484 1702 1625 1771 Galenus
1658 1696 1757 1767 simile
1780 1700 1839 1785 1¹3⁰
1851 1707 1913 1786 ,Μ-

333 1799 417 1889 quid
443 1802 612 1868 annotavit
637 1801 670 1865 in
695 1794 821 1867 historia
846 1797 964 1872 ‹le-co,
988 1800 1046 1888 qui
1071 1816 1196 1890 repente
1244 1796 1411 1865 hrenititus
1437 1795 1539 1867 sac‘ius
1566 1797 1676 1894 paullo
1686 1793 1757 1892 posi
1785 1769 1920 1869 ’ΨΜ

334 1899 476 1963 interiit·
499 1896 579 1964 Non
603 1899 741 1972 interiit,
764 1897 893 1988 inquit,
918 1898 949 1965 vi
974 1894 1182 1991 plrrenitidis‚
1219 1894 1258 1960 ed
1281 1889 1328 1962 ob
1349 1895 1553 1969 dominatum
1578 1897 1757 1966 humorum
1786 1870 1867 1994 π’

333 1994 594 2070 virulentorum,
612 1998 670 2086 qui
686 1988 745 2063 sua
769 1994 969 2087 malignitate
994 1997 1081 2065 virus
1103 1991 1300 2086 adaquant.
1485 2052 1488 2065 ,
1786 2033 1896 2091 μω,

381 2095 432 2159 Μ.
457 2092 584 2188 Sulpicii
608 2092 705 2162 filiola
728 2091 836 2161 tuilim
861 2095 1073 2194 quintanam
1095 2092 1276 2188 patiebatur
1292 2117 1368 2163 cum
1384 2089 1486 2167 sebrc.
1514 2093 1695 2166 Destillatio
1720 2096 1753 2163 in
1784 2094 1877 2169 Tuffls

331 2189 513 2285 pulmones.
538 2184 655 2260 Abeo
679 2211 742 2261 tem
767 2213 822 2260 ore
847 2196 894 2259 ita
918 2195 950 2260 vi
976 2189 1190 2259 destillationis
1215 2194 1249 2259 δε
1274 2185 1366 2262 febris
1382 2196 1553 2275 emarcuit,
1579 2216 1618 2265 ut
1643 2187 1754 2263 tabida
1785 2182 1916 2259 Qffmff

332 2281 477 2360 evaserit.
504 2290 628 2379 Magna
653 2293 699 2359 vis
723 2216 766 2356 ei
790 2287 1038 2357 destillationum
1063 2289 1242 2357 calidarum
1280 2296 1315 2358 δι
1339 2288 1531 2361 serinarum.
1784 2284 1840 2324 Μ·

384 2387 491 2455 Uxori
518 2389 652 2455 Domini
678 2387 811 2457 Dbierre
835 2386 941 2455 fluxio
965 2390 998 2455 in
1022 2408 1137 2478 genam
1161 2388 1325 2465 dextram,
1350 2411 1386 2455 at
1412 2381 1756 2486 prasertiminmuliu-

333 2485 405 2552 lum
430 2481 636 2555 maiseterem.
663 2488 728 2555 Vix
751 2486 859 2554 dentes
883 2485 1030 2554 diducere
1056 2492 1182 2580 potuit.
1209 2487 1348 2555 Materia
1372 2488 1482 2556 eadem
1507 2509 1580 2580 quae
1605 2492 1639 2555 &
1664 2509 1758 2583 paroa

333 2584 413 2652 ridas
438 2580 536 2662 facere
560 2578 657 2660 solet,
681 2585 752 2652 loto
774 2577 956 2652 differebat.
983 2583 1115 2654 octavo
1141 2580 1211 2677 post
1235 2582 1286 2652 clie
1310 2608 1349 2653 ru
1389 2608 1435 2655 us.
1452 2579 1600 2657 abstersus
1633 2591 1754 2653 intro.

331 2685 373 2752 Et
397 2685 472 2776 quia
497 2689 627 2753 materia
654 2677 867 2781 supputabilis
891 2687 925 2750 in
950 2700 1096 2751 mentum
1120 2675 1311 2759 inclinabat,
1338 2603 1387 2757 ibi
1406 2682 1536 2755 ada&us
1569 2682 1718 2752 cultellus
1745 2732 1754 2753 .
1801 2750 1803 2754 Α

333 2783 472 2873 Aliquot
496 2780 564 2876 post
588 2776 699 2850 diebus
725 2802 840 2859 natma
865 2776 931 2852 visa
955 2778 999 2851 eli
1026 2779 1104 2850 velle
1129 2780 1233 2855 moliri
1250 2773 1422 2851 abscellum
1437 2783 1557 2953 guno
1580 2777 1756 2881 supracom

332 2884 503 2949 nexionem
520 2880 675 2949 maxilla.
704 2880 754 2950 De
779 2887 940 2978 apertione
964 2873 1183 2974 cogitabatur.
1209 2880 1375 2965 Parentes,
1398 2884 1436 2953 de
1470 2885 1606 2953 rmitatis
1623 2883 1755 2976 alicujus

333 2999 442 3059 metu,
468 2981 535 3050 fieti
558 2972 798 3050 recusaverunt.
824 2980 1040 3077 Suppurantia
1065 2983 1099 3048 δι
1133 2976 1297 3050 malatiita
1329 2978 1458 3052 abunde
1483 2976 1720 3077 usurpaverunt
1740 2993 1785 3052 ·.'

334 3081 459 3150 Contra
482 3079 636 3171 Chirurgi
660 3081 860 3149 mediocriter
885 3079 949 3148 illis
975 3071 1166 3156 utebantur,
1193 3082 1226 3147 &
1252 3074 1481 3178 cataplasmatis
1513 3074 1691 3149 solemnibus
1714 3080 1755 3152 ad
1786 3080 1923 3139 Remedia

334 3179 499 3248 arcendam
515 3179 717 3276 putredinem
741 3172 936 3250 utebantur.
964 3177 1104 3247 Vocatus
1129 3178 1307 3274 Empiricus
1328 3172 1432 3250 tribus
1454 3178 1525 3278 poll
1558 3172 1689 3256 diebus,
1721 3184 1756 3252 δι
1787 3182 1860 3218 vera
1968 3225 1970 3230 -

335 3278 457 3348 tardius
485 3301 585 3373 quam
607 3273 712 3350 visum
747 3274 852 3349 suerat
864 3326 875 3357 ,
889 3319 893 3328 ,
907 3279 1024 3376 aperit,
1060 3298 1122 3374 pus
1157 3278 1263 3347 educit
1299 3271 1447 3350 abunde.
1482 3280 1582 3370 AEgra
1615 3271 1755 3348 habebat
1782 3262 1903 3402 ἓξὲξ

333 3371 517 3462 suaeuis.
543 3379 636 3445 Dum
661 3381 705 3445 ita
728 3378 1170 3469 largiterpuseduceretur,
1195 3382 1229 3446 δι
1254 3372 1602 3453 viribusnihilominus
1617 3373 1759 3447 consule·
1908 3367 1920 3387 ’

335 3492 441 3551 retur,
464 3467 580 3540 oborta
604 3468 739 3567 syncope
761 3466 959 3564 gravillima,
984 3471 1018 3536 δι
1043 3468 1142 3534 cruris
1165 3466 1273 3535 dolore
1298 3463 1492 3539 intolerabili
1523 3490 1649 3566 repente
1671 3496 1758 3540 mor-

333 3591 393 3640 tua
409 3567 470 3639 est.
496 3571 547 3639 Sic
570 3572 760 3663 negligentia
784 3589 933 3641 verorum
959 3566 1192 3644 remediorum,
1216 3570 1250 3638 δι
1274 3583 1436 3640 turttnnu
1453 3585 1565 3639 eorum
1582 3572 1639 3664 qui
1659 3570 1757 3644 adesse

333 3662 470 3748 deberit,
494 3668 612 3738 domus
634 3665 756 3739 bxxresta
780 3670 901 3738 reddita
925 3665 989 3735 est.
1350 3729 1355 3740 ,

386 3768 502 3839 Filiolae
527 3768 553 3834 l.
577 3769 719 3839 Santueil
744 3793 849 3865 quum
876 3787 1052 3862 utrumque
1076 3761 1243 3838 bruchium
1269 3769 1464 3841 intumuisset
1489 3794 1509 3843 a
1533 3772 1674 3865 reliquiis
1699 3794 1757 3845 va-

334 3868 510 3945 riolaram,
532 3870 681 3964 epitrione
704 3868 835 3958 alicuius
859 3862 1024 3966 suppurati
1056 3867 1169 3937 dextro
1193 3861 1323 3941 brachio
1346 3874 1526 3967 pyroticutn
1548 3865 1721 3943 adhibetur
1746 3897 1759 3938 ,’

336 3965 399 4037 Nil
423 3963 578 4035 edesium
601 3963 660 4036 eii.
686 3969 826 4043 Paucma
847 3984 977 4037 tantum
1001 3968 1099 4036 fluxit
1117 3961 1232 4037 sanies.
1258 3961 1476 4059 Cogitabat'ur
1499 3972 1538 4039 de
1563 3970 1663 4039 altero
1696 3993 1756 4065 py-

334 4067 440 4138 mtito
461 4068 496 4134 in
523 4064 643 4135 sinistro
665 4059 817 4139 brachio.
841 4070 960 4158 Qum
984 4067 1029 4133 nil
1054 4060 1246 4139 Atisfattum
1271 4066 1341 4135 esset
1365 4067 1575 4165 expcslationi
1599 4067 1638 4136 de
1669 4072 1755 4167 prio-

336 4189 370 4236 re
394 4168 557 4262 pyrotioo,
581 4192 645 4235 non
671 4165 715 4237 est
739 4169 827 4237 alteri
853 4160 988 4238 brachio
1009 4157 1208 4238 adhibitum·
1241 4168 1367 4235 Mirum
1393 4167 1486 4261 quod
1516 4168 1668 4260 contigit·
1701 4170 1756 4240 ii·

338 4260 465 4347 betius,
490 4266 724 4361 expeditius&
750 4268 942 4338 indolentius
964 4260 1028 4334 suit
1055 4258 1243 4343 brachium,
1274 4268 1326 4334 cui
1360 4271 1557 4363 pyroticuni·
1573 4262 1756 4339 adhibitum

337 4361 454 4440 meme.
482 4363 585 4433 Alteri
609 4359 812 4439 metuebatur
836 4389 876 4436 ne
899 4373 1057 4461 ignavum
1080 4361 1176 4438 foret.
1204 4368 1252 4436 Sit
1274 4370 1307 4434 in
1334 4359 1504 4467 suspicione
1519 4371 1678 4463 qualitatis
1689 4390 1755 4441 ma
1781 4386 1893 4450 run.

336 4465 450 4557 ligne,
469 4463 543 4535 iicet
565 4485 627 4562 pus
652 4487 717 4532 non
742 4466 779 4534 stt
801 4485 858 4535 ant
882 4466 1003 4560 aliquid
1027 4459 1321 4547 commemorabile,
1346 4485 1452 4542 tamen
1477 4491 1598 4561 magno
1612 4465 1755 4566 profesta
1782 4482 1862 4540 ptum

342 4565 517 4664 cananum
532 4563 729 4662 applicatur:
754 4565 804 4634 Sic
831 4566 922 4642 Petro
945 4557 1082 4633 Tonsoti
1106 4587 1219 4633 aurem
1242 4565 1440 4636 vehementer
1462 4566 1604 4647 dolenti,
1636 4575 1757 4663 pyroti-
1784 4549 1887 4653 'bv'

343 4684 418 4732 tum
437 4664 471 4730 in
487 4657 601 4735 sevitia
616 4664 733 4733 doloris
758 4666 855 4732 radici
872 4666 956 4733 auris
970 4656 1151 4731 adhibitum
1167 4660 1228 4730 eii.
1247 4664 1644 4738 Mulroalacriusdolorem
1657 4671 1751 4740 tulit.
1783 4650 1874 4706 Μ’·

392 4760 487 4833 Uxor
511 4764 644 4848 Joamis
667 4764 772 4836 &ude
797 4765 927 4833 uterinis
948 4755 1117 4830 doloribus
1139 4754 1353 4831 afficiebatur.
1381 4767 1476 4838 More
1499 4760 1591 4835 solito
1613 4767 1655 4836 ad
1679 4792 1752 4838 mu-
1784 4734 1865 4800 Μ’

336 4852 452 4932 liebria
477 4864 631 4943 remedia,
655 4885 711 4934 aut
734 4866 843 4960 potius
866 4855 1026 4939 ludibria,
1049 4857 1250 4956 confugitur.
1278 4862 1444 4936 Austiores
1469 4865 1625 4936 dolores.
1664 4868 1750 4950 Tam
1786 4872 1791 4884 “
1832 4859 1839 4868 ”
1873 4947 1878 4954 ,

324 4963 413 5035 ,dem
437 4980 547 5039 tumor
572 4960 781 5062 hypogalltii,
802 4964 894 5042 dolor
917 4983 955 5033 ea
979 4965 1012 5030 in
1034 4979 1126 5060 parte
1150 4967 1185 5029 in
1209 4955 1410 5054 inguinibus.
1438 4962 1616 5057 Suppteiiio
1630 4966 1748 5040 urmae,
1835 5031 1852 5050 ,-
1912 4965 1921 5024 ζ

1623 5080 1732 5126 rumor
1784 5123 1790 5132 ,
