4534 5850
599 450 1774 540 62.EPIDEM'10RUM··

542 628 685 723 potoria
701 628 786 694 erat:
811 620 864 694 Sic
882 625 914 693 in
929 617 1129 693 monnone,
1154 619 1189 691 δι
1228 606 1374 684 raesertim
1401 609 1481 680 dum
1511 610 1632 679 humor
1653 614 1757 681 tenuis
1783 612 1962 701 &semim

546 719 782 796 vultconsundi
796 746 870 791 cum
896 716 1073 813 sanguine,
1107 639 1619 812 apblcbotomiaabstinendum·
1655 711 1743 786 Nam
1791 738 1963 793 rovocatur

544 822 731 898 catarrhus,
752 818 953 914 refrigeratur
977 839 1066 914 pars.
1092 814 1163 886 Nifi
1179 808 1257 881 sorte
1281 813 1315 881 in
1339 812 1497 880 contrario
1511 801 1645 877 brachio
1668 810 1725 879 liat
1762 813 1870 884 estio.
1899 822 1964 892 Ta.

546 941 621 990 men
636 920 716 988 mihi
732 924 833 1013 magis
849 920 948 1017 placet
964 917 1052 984 allud
1074 912 1269 989 remedium,
1294 911 1351 980 nist
1369 905 1569 979 calidlssimus
1589 909 1625 977 stt
1651 908 1771 980 humor
1786 916 1909 996 fluens,
1930 926 1963 994 δι

465 1063 470 1073 -
546 1018 741 1111 magnasunt
758 1037 945 1111 argumenta
958 1010 1078 1085 confusi
1099 1014 1242 1082 humoris
1257 1009 1426 1078 defluentis
1440 1028 1516 1077 cum
1540 1002 1609 1106 ipso
1625 1002 1794 1101 sanguine.
1822 1018 1962 1090 ltaenim

544 1111 590 1184 ob
608 1110 882 1214 perturbationem
899 1111 1058 1207 sarguinis
1081 1107 1169 1181 facile
1192 1113 1356 1206 corruptio
1370 1110 1554 1203 contingit.
1579 1111 1793 1204 Quamquam
1819 1110 1963 1189 dubitati

544 1213 646 1317 potest
672 1239 713 1284 an
736 1209 867 1304 depasce
890 1208 1003 1283 debeat
1026 1214 1116 1281 mitti·
1136 1203 1280 1305 sanguis?
1455 1224 1458 1233 ·

594 1320 712 1409 Qum
724 1316 872 1384 Nutrices
888 1316 973 1384 siunt
990 1309 1179 1408 pleuritica,
1204 1311 1343 1401 grauiter
1369 1324 1545 1398 agrotatt,
1570 1313 1604 1378 δι
1620 1329 1738 1401 magna
1759 1307 1904 1410 dispnm
1920 1334 1965 1389 te.

545 1433 681 1482 nentur.
710 1415 811 1507 ldquc
829 1416 896 1484 fieri
922 1430 1004 1510 puto
1026 1412 1183 1505 quoniam
1208 1412 1242 1477 &
1267 1420 1414 1478 mamma
1429 1405 1597 1477 attrahunt
1619 1454 1630 1486 ,
1655 1410 1742 1477 &ad
1763 1434 1814 1479 eas
1842 1417 1962 1512 impetu

462 1510 467 1519 ’
542 1511 666 1586 humor
683 1508 801 1591 fertur,
826 1527 864 1579 ut
881 1515 914 1579 in
932 1504 1019 1589 libris
1034 1509 1073 1577 dc
1092 1508 1277 1605 simplicium
1299 1505 1599 1575 medicamentorum
1631 1503 1836 1580 facultatibus
1871 1518 1964 1586 Gale.

545 1633 607 1678 nus
626 1607 779 1688 adstruit,
803 1610 979 1678 srdcmitur
995 1601 1138 1701 sanguis,
1162 1629 1204 1675 an
1223 1629 1286 1672 non
1306 1624 1434 1702 propter
1465 1598 1725 1674 transumtionem
1743 1631 1762 1676 a
1789 1615 1875 1679 venis
1896 1661 1907 1690 ,
1930 1621 1974 1684 in*

547 1731 642 1776 venas
658 1705 743 1777 facile
759 1701 895 1778 albicans
909 1725 1057 1805 apparet:
1082 1725 1122 1774 ut
1137 1700 1225 1774 facilc
1242 1708 1383 1801 imponat
1400 1704 1531 1773 Medicis
1548 1701 1767 1784 credentibus,
1792 1716 1887 1780 talc-m
1902 1715 1963 1783 ltu.

545 1830 668 1877 morem
694 1811 728 1876 &
744 1799 881 1875 colorem
898 1831 917 1876 a
941 1808 1145 1901 corruptione
1166 1801 1241 1872 else?

596 1908 633 1972 ln
659 1899 799 1975 febribus
822 1910 960 1976 tertianis
977 1912 1066 1992 juvat
1091 1905 1267 2000 plurimum
1285 1893 1343 1968 sub
1370 1904 1465 1971 finem
1485 1899 1718 1982 acccffionum,
1744 1901 1911 2002 prasertim
1945 1910 1965 1979 st

371 1989 504 2091 tufum:
546 1998 678 2074 morbus
693 2004 867 2100 progressus
884 2011 947 2092 jam
967 2002 1029 2082 est,
1053 2007 1087 2071 δι
1109 1999 1259 2072 tottionis
1278 2001 1365 2089 signa
1388 2003 1719 2098 aliquot-paruerint,
1742 2006 1815 2073 darc
1845 2032 1963 2100 aquarn

369 2074 423 2134 ⁵¹¹⁸
447 2092 512 2152 ''⁶''
551 2105 626 2173 vino
640 2096 716 2170 albo
742 2097 921 2197 perfusam,
944 2103 1008 2173 stuc
1022 2100 1165 2169 dilutum
1179 2098 1272 2168 valde
1297 2118 1382 2190 aqua
1399 2104 1513 2168 vinum
1538 2095 1650 2168 album
1675 2098 1850 2187 oooro'pov.
1871 2109 1962 2176 Nam

369 2157 510 2301 mx„
545 2195 671 2269 sudores
682 2220 853 2296 provocat.
880 2203 968 2273 Tum
983 2218 1090 2268 autem
1108 2201 1246 2267 maxime
1262 2191 1388 2266 sudores
1401 2193 1554 2295 prosunt,
1578 2221 1683 2292 quum
1697 2193 1965 2274 obstructionibut

368 2321 501 2394 amu.
543 2294 691 2378 sublatis,
716 2321 830 2396 corpus
849 2304 1008 2370 internum
1029 2292 1176 2394 apertum
1193 2295 1238 2366 est
1260 2344 1272 2374 ,
1297 2299 1330 2364 δι
1352 2296 1442 2366 rcsbat
1462 2293 1540 2365 sorte
1556 2301 1703 2391 quadam
1719 2303 1797 2369 cutis
1813 2301 1965 2402 constipa-

346 2408 411 2462 .m's
434 2404 510 2465 locus
544 2402 611 2475 rio,
636 2421 737 2492 quam
752 2421 845 2491 aquae
857 2399 984 2491 egelida
999 2398 1101 2465 laurio
1116 2394 1216 2493 potest
1233 2395 1369 2465 tollere.
1397 2401 1501 2465 lmmo
1521 2401 1615 2465 etiam
1646 2401 1677 2465 in
1698 2393 1893 2490 quibusdam
1923 2402 1963 2471 se-

367 2483 420 2557 ‘ff‘
447 2505 493 2568 θ’·
546 2491 657 2566 bribus
680 2501 858 2576 continuis,
883 2521 987 2591 quum
1004 2494 1054 2565 vel
1068 2488 1170 2563 oblita
1190 2490 1235 2565 sui
1252 2491 1348 2562 officii
1365 2516 1481 2581 natura
1496 2489 1683 2573 videbitur,
1709 2499 1758 2565 vel
1775 2504 1856 2566 cutis
1871 2496 1964 2598 spira-

370 2571 438 2645 ns·
541 2597 615 2664 cula
627 2592 722 2663 crunt
738 2588 879 2664 obserata
897 2642 907 2671 ,
943 2594 1115 2684 hydroticis
1129 2592 1217 2663 locus
1240 2591 1297 2661 esse
1312 2591 1431 2688 potesl,
1455 2612 1494 2662 ut
1510 2614 1680 2663 terrenarus
1698 2591 1888 2668 morborum
1907 2602 1964 2669 lta·

544 2695 640 2771 litut,
666 2698 700 2763 δι
721 2687 846 2790 spiritus
861 2717 926 2762 una
945 2717 1018 2761 cum
1044 2687 1156 2761 sudore
1173 2682 1337 2789 erumpat.
1414 2689 1417 2699 '

420 2801 510 2870 Aqua
594 2794 669 2861 Hoc
685 2814 722 2860 cx
744 2793 895 2862 Vitruvio
916 2793 1055 2862 Austore
1072 2782 1231 2889 probato,
1256 2795 1288 2859 in
1304 2810 1370 2862 artc
1390 2787 1517 2862 Medica
1541 2785 1694 2861 sarcitum
1718 2793 1777 2864 esse
1803 2792 1895 2866 debct
1929 2799 1963 2865 dc

370 2875 509 2937 ¹⁶⁸s⁴⁶⁸²
545 2893 656 2984 aquis:
680 2893 795 2988 Qum
810 2886 984 2961 laudabiles
999 2910 1110 2969 crunt,
1135 2896 1170 2961 dc
1198 2893 1234 2961 iis
1248 2886 1375 2961 dotibus
1400 2890 1566 2989 predita,
1597 2888 1719 2987 quibus
1741 2893 1798 2964 esse
1814 2891 1933 2966 debent
1956 2945 1965 2974 ,

369 2958 411 3099 ξ’
437 2962 522 3100 ''J''
546 2982 673 3060 brevem
690 2989 866 3061 aaronem
883 3009 1048 3085 quarunt:
1072 2994 1214 3069 Contra,
1239 3013 1346 3085 quum
1363 2985 1558 3059 illaudabiles
1576 3009 1697 3067 crunt,
1724 2994 1825 3063 multa
1851 2996 1967 3069 cottio

368 3062 513 3186 „yffi
546 3111 585 3157 nt
609 3110 691 3185 opus
707 3083 844 3160 habent.
871 3093 960 3163 Nam
982 3085 1074 3161 bona
1090 3090 1234 3161 tortione
1258 3084 1473 3164 amarescunt,
1497 3083 1722 3177 deterioresque
1737 3092 1851 3169 fiuntc
1877 3097 1966 3163 mala

367 3195 512 3283 arnolfi·
542 3186 790 3268 νεῐοεοᾶἰοηε,
813 3192 893 3259 dum
907 3192 1063 3259 malitiam
1077 3208 1222 3263 exuunt,
1246 3180 1433 3255 adscititiam
1442 3200 1563 3250 naturae
1588 3183 1726 3249 indolem
1751 3186 1915 3259 induunt.
1974 3249 1980 3258 .

369 3269 514 3364 m'n,nu·
596 3287 703 3358 Yvoni
728 3290 893 3382 Chirurgo
915 3285 1046 3374 δπυρίτῳ
1068 3282 1142 3354 llice
1161 3282 1223 3353 scre
1245 3283 1368 3352 dolores
1391 3281 1520 3350 aderant
1542 3282 1650 3376 capitis
1666 3276 1844 3376 profundi,
1870 3291 1981 3355 velie·

369 3370 510 3471 ΜΨ·
543 3407 680 3463 mentes,
706 3387 914 3468 lancinantes,
937 3388 1136 3465 divellentts,
1158 3379 1319 3458 ὃιαὲωονπς
1332 3399 1371 3452 ut
1389 3380 1459 3451 inde
1475 3384 1555 3452 vires
1612 3402 1649 3448 nc
1673 3376 1976 3460 consternarentur„
2013 3461 2019 3470 Ι

370 3456 499 3553 ‘'².‘'¹'.·
541 3489 883 3585 Atque-Hippocrates
899 3482 1022 3565 scribit,
1046 3486 1170 3557 dolores
1183 3476 1330 3554 sublimes
1345 3506 1412 3553 nott
1436 3402 1626 3551 sublimibbs
1652 3480 1757 3547 minus
1772 3477 1828 3547 esse
1846 3483 1967 3560 malos,

370 3554 505 3696 :mm
544 3579 587 3657 ob
606 3585 823 3655 difficultatem
839 3588 988 3660 curandi,
1013 3584 1316 3679 &symptomatum
1334 3583 1584 3651 vehementiam.
1598 3578 1690 3645 Adde
1708 3578 1797 3672 qnod
1817 3602 1885 3672 quo
1894 3604 1970 3676 pro-

370 3706 459 3761 dolore
473 3722 512 3763 ρ,
546 3676 819 3759 fttndiorcssunt,
845 3705 883 3747 eo
903 3698 1006 3774 partes
1020 3682 1121 3768 magis
1145 3697 1370 3744 momentanea
1385 3675 1563 3741 laeduntur.
1591 3674 1691 3740 Omni
1716 3677 1814 3743 modo
1840 3673 1968 3747 labora-

371 3795 461 3852 τινα
546 3772 699 3849 tumell,
723 3794 762 3841 ut
778 3773 902 3843 dolores
921 3769 1108 3846 sedarentur,
1124 3764 1383 3865 cataplasmatis,
1428 3763 1968 3865 ipionibuS,sarinis,0xyrl10d1.

370 3866 511 3963 ‘apher-7·
546 3874 616 3950 nic,
641 3865 872 3951 cucurbitulict
897 3889 988 3940 tcrna
1013 3889 1072 3938 aut
1091 3886 1250 3962 quaterna
1265 3891 1351 3938 vena
1372 3795 1518 3936 sagione:
1544 3870 1602 3937 Nil
1619 3867 1797 3965 profestum
1815 3874 1884 3951 csl,
1909 3879 1968 3944 im*

371 3948 420 4009 Μ·
442 3960 471 4012 ⁶·
547 3994 654 4041 mone
681 3971 852 4068 pilularum
878 3969 1009 4063 quidem
1026 3962 1248 4064 ususprosuit.
1276 3968 1365 4037 Vena
1384 3962 1494 4035 frontis
1505 3962 1604 4045 secta,
1630 3962 1678 4037 scd
1698 3967 1974 4067 praesentissimum

401 4068 405 4092 ³
546 4071 657 4143 attulit
675 4070 847 4139 remedium
863 4070 1094 4139 arterioromia.
1116 4066 1213 4136 Disto
1229 4069 1313 4135 enim
1329 4069 1421 4136 citius
1445 4066 1566 4135 dolores
1581 4074 1804 4162 conquievere.
1834 4075 1885 4141 An
1901 4089 1968 4146 non

545 4169 628 4235 idem
646 4188 722 4237 tuto
750 4171 815 4236 fieri
832 4164 955 4262 potest?
982 4167 1051 4260 Qi
1080 4159 1207 4256 sanguis
1237 4166 1396 4236 dctnctus
1420 4164 1493 4242 cst,
1522 4170 1550 4234 ei
1568 4187 1636 4237 erar
1651 4166 1814 4246 affimilis,
1849 4175 1906 4261 qui
1930 4196 1972 4242 cn

549 4260 679 4334 brachio
692 4264 852 4335 detradtus
870 4261 990 4334 fuerat.
1020 4268 1246 4333 Veruntamen
1272 4259 1346 4332 sunt
1362 4269 1419 4357 qui
1437 4285 1475 4337 ur
1491 4265 1642 4338 audaciter
1667 4272 1915 4339 arteriotomiam
1935 4276 1968 4340 in

547 4364 648 4459 capite
664 4357 850 4456 sanguinem
878 4364 1019 4432 ducant:
1044 4364 1155 4432 dicunt
1181 4364 1322 4431 multum
1349 4357 1506 4457 sanguinis
1530 4367 1563 4433 in
1589 4370 1689 4464 capite
1722 4366 1795 4446 esse,
1820 4374 1853 4436 δι
1892 4364 1930 4438 sae

546 4466 642 4532 etiam
660 4467 794 4531 mortuis
809 4482 935 4555 turgere
953 4484 1065 4532 venas.
1093 4465 1138 4531 Ar
1152 4465 1292 4559 primum
1308 4463 1391 4531 notre
1411 4460 1525 4533 debent
1542 4463 1707 4539 cerebrum
1722 4463 1778 4533 esse
1788 4393 1970 4539 natura&

550 4562 662 4653 gidum
673 4607 684 4640 ‚
701 4567 734 4631 δι
746 4558 832 4631 facile
848 4555 1038 4655 refrigescere
1046 4556 1126 4633 sessa
1138 4583 1234 4634 vena:
1252 4563 1397 4632 Secundo
1406 4557 1568 4633 abundare
1578 4558 1740 4634 cerebrum
1752 4555 1906 4655 sunguine
1949 4593 1973 4645 ‚r-

549 4659 681 4729 rundum
701 4681 811 4755 raptus
830 4679 980 4739 rantum,
1004 4686 1069 4730 non
1083 4682 1217 4826 propter
1234 4666 1481 4756 generationem:
1506 4665 1634 4741 Tertio,
1658 4684 1761 4827 quum
1779 4667 1810 4728 in
1839 4684 1907 4731 cere
1934 4692 1977 4739 ro

549 4781 635 4829 vena
652 4776 800 4851 turgent,
825 4760 884 4827 hoc
900 4755 1082 4836 suitmorbo
1095 4785 1171 4839 um,
1196 4785 1260 4829 non
1285 4764 1447 4832 naturale.
1475 4766 1515 4830 Er
1535 4759 1666 4833 Arillli
1693 4811 1699 4828 .
1717 4761 1755 4830 de
1769 4756 1883 4830 somno
1900 4769 1970 4841 ait,

549 4853 730 4951 sanguinem
758 4860 870 4953 capitis
887 4855 943 4925 csse
970 4859 1213 4939 tenuissimum,
1237 4879 1345 4927 contra
1378 4865 1517 4957 partium
1541 4856 1723 4930 inferiorum
1754 4860 1970 4934 crassissimum

547 4955 624 5028 elle.
652 4957 737 5027 ldco
760 4980 824 5025 non
850 4958 916 5026 tieri
939 4955 1060 5054 potest,
1081 4961 1164 5055 quin
1188 4956 1404 5037 tenuislimum
1428 4952 1618 5050 ,sattgumcm
1649 4963 1742 5032 multi
1774 4964 1973 5044 comitentur,

1118 5087 1121 5094 ·
1848 5076 1919 5129 tuot
