<?xml version="1.0" encoding="UTF-8"?>
<!DOCTYPE html PUBLIC "-//W3C//DTD XHTML 1.0 Transitional//EN"
    "http://www.w3.org/TR/xhtml1/DTD/xhtml1-transitional.dtd">
<html xmlns="http://www.w3.org/1999/xhtml" xml:lang="en" lang="en">
 <head>
  <title>
</title>
<meta http-equiv="Content-Type" content="text/html;charset=utf-8" />
  <meta name='ocr-system' content='tesseract 3.04.00' />
  <meta name='ocr-capabilities' content='ocr_page ocr_carea ocr_par ocr_line ocrx_word'/>
</head>
<body>
  <div class='ocr_page' id='page_1' title='image "./operaomniamedic00thgoog/operaomniamedic00thgoog_0246.png"; bbox 0 0 4534 5850; ppageno 0'>
   <div class='ocr_carea' id='block_1_1' title="bbox 482 436 1540 554">
    <p class='ocr_par' dir='ltr' id='par_1_1' title="bbox 482 436 1540 554">
     <span class='ocr_line' id='line_1_1' title="bbox 482 436 1540 554; baseline -0.007 -18"><span class='ocrx_word' id='word_1_1' title='bbox 482 489 553 554; x_wconf 81' lang='lat'>214</span> <span class='ocrx_word' id='word_1_2' title='bbox 794 461 1096 535; x_wconf 77' lang='lat' dir='ltr'>cut1er.</span> <span class='ocrx_word' id='word_1_3' title='bbox 1149 436 1540 532; x_wconf 70' lang='lat' dir='ltr'>nn&#39;trontr</span> 
     </span>
    </p>
   </div>
   <div class='ocr_carea' id='block_1_2' title="bbox 388 565 1897 4949">
    <p class='ocr_par' dir='ltr' id='par_1_2' title="bbox 388 565 1897 4949">
     <span class='ocr_line' id='line_1_2' title="bbox 428 565 1847 709; baseline 0.001 -29"><span class='ocrx_word' id='word_1_4' title='bbox 428 613 535 709; x_wconf 86' lang='lat' dir='ltr'>hepati</span> <span class='ocrx_word' id='word_1_5' title='bbox 554 612 706 705; x_wconf 72' lang='lat' dir='ltr'>singultus</span> <span class='ocrx_word' id='word_1_6' title='bbox 719 605 931 707; x_wconf 69' lang='lat' dir='ltr'>superveniata</span> <span class='ocrx_word' id='word_1_7' title='bbox 956 612 1034 680; x_wconf 93' lang='lat' dir='ltr'>Non</span> <span class='ocrx_word' id='word_1_8' title='bbox 1045 605 1210 692; x_wconf 86' lang='lat' dir='ltr'>absolute,</span> <span class='ocrx_word' id='word_1_9' title='bbox 1235 608 1254 700; x_wconf 89' lang='lat'><em>(</em></span> <span class='ocrx_word' id='word_1_10' title='bbox 1263 613 1370 705; x_wconf 88' lang='lat' dir='ltr'>inquit</span> <span class='ocrx_word' id='word_1_11' title='bbox 1386 607 1549 691; x_wconf 75' lang='lat' dir='ltr'>Galenus-i</span> <span class='ocrx_word' id='word_1_12' title='bbox 1568 606 1699 678; x_wconf 67' lang='lat' dir='ltr'>adederit</span> <span class='ocrx_word' id='word_1_13' title='bbox 1707 565 1847 681; x_wconf 51' lang='lat' dir='ltr'>afflui</span> 
     </span>
     <span class='ocr_line' id='line_1_3' title="bbox 430 704 1839 805; baseline 0 -27"><span class='ocrx_word' id='word_1_14' title='bbox 430 713 546 780; x_wconf 88' lang='lat' dir='ltr'>dicitur</span> <span class='ocrx_word' id='word_1_15' title='bbox 564 705 742 787; x_wconf 57' lang='lat' dir='ltr'>minnan,</span> <span class='ocrx_word' id='word_1_16' title='bbox 767 704 815 777; x_wconf 88' lang='lat' dir='ltr'>sed</span> <span class='ocrx_word' id='word_1_17' title='bbox 832 713 869 778; x_wconf 83' lang='lat' dir='ltr'>iis</span> <span class='ocrx_word' id='word_1_18' title='bbox 885 710 1015 779; x_wconf 87' lang='lat' dir='ltr'>demum</span> <span class='ocrx_word' id='word_1_19' title='bbox 1024 704 1189 780; x_wconf 76' lang='lat' dir='ltr'>affectibus</span> <span class='ocrx_word' id='word_1_20' title='bbox 1201 710 1525 805; x_wconf 86' lang='lat' dir='ltr'>quimagnitudinem</span> <span class='ocrx_word' id='word_1_21' title='bbox 1540 711 1839 777; x_wconf 72' lang='lat' dir='ltr'>commemoratione</span> 
     </span>
     <span class='ocr_line' id='line_1_4' title="bbox 427 799 1841 906; baseline -0.004 -27"><span class='ocrx_word' id='word_1_22' title='bbox 427 813 560 903; x_wconf 80' lang='lat' dir='ltr'>dignam</span> <span class='ocrx_word' id='word_1_23' title='bbox 577 805 699 878; x_wconf 75' lang='lat' dir='ltr'>nicenti</span> <span class='ocrx_word' id='word_1_24' title='bbox 716 803 849 877; x_wconf 86' lang='lat' dir='ltr'>suerint.</span> <span class='ocrx_word' id='word_1_25' title='bbox 879 811 928 877; x_wconf 85' lang='lat' dir='ltr'>Ut</span> <span class='ocrx_word' id='word_1_26' title='bbox 946 832 1052 902; x_wconf 88' lang='lat' dir='ltr'>quum</span> <span class='ocrx_word' id='word_1_27' title='bbox 1068 810 1168 906; x_wconf 84' lang='lat' dir='ltr'>hepar</span> <span class='ocrx_word' id='word_1_28' title='bbox 1185 805 1282 881; x_wconf 86' lang='lat' dir='ltr'>fervet</span> <span class='ocrx_word' id='word_1_29' title='bbox 1299 809 1456 903; x_wconf 68' lang='lat' dir='ltr'>stinguitur</span> <span class='ocrx_word' id='word_1_30' title='bbox 1464 802 1664 904; x_wconf 84' lang='lat' dir='ltr'>supervenit,</span> <span class='ocrx_word' id='word_1_31' title='bbox 1688 799 1734 879; x_wconf 91' lang='lat' dir='ltr'>ob</span> <span class='ocrx_word' id='word_1_32' title='bbox 1750 829 1841 877; x_wconf 86' lang='lat' dir='ltr'>oom-</span> 
     </span>
     <span class='ocr_line' id='line_1_5' title="bbox 429 902 1842 1004; baseline -0.002 -26"><span class='ocrx_word' id='word_1_33' title='bbox 429 911 612 978; x_wconf 87' lang='lat' dir='ltr'>munionem</span> <span class='ocrx_word' id='word_1_34' title='bbox 629 929 818 984; x_wconf 82' lang='lat' dir='ltr'>nervorum,</span> <span class='ocrx_word' id='word_1_35' title='bbox 842 930 910 975; x_wconf 90' lang='lat' dir='ltr'>non</span> <span class='ocrx_word' id='word_1_36' title='bbox 924 909 1041 1000; x_wconf 81' lang='lat' dir='ltr'>quovis</span> <span class='ocrx_word' id='word_1_37' title='bbox 1058 927 1219 1004; x_wconf 87' lang='lat' dir='ltr'>tempore,</span> <span class='ocrx_word' id='word_1_38' title='bbox 1242 902 1291 976; x_wconf 87' lang='lat' dir='ltr'>sod</span> <span class='ocrx_word' id='word_1_39' title='bbox 1313 932 1422 1002; x_wconf 89' lang='lat' dir='ltr'>quum</span> <span class='ocrx_word' id='word_1_40' title='bbox 1441 907 1566 976; x_wconf 79' lang='lat' dir='ltr'>maium</span> <span class='ocrx_word' id='word_1_41' title='bbox 1582 908 1763 977; x_wconf 79' lang='lat' dir='ltr'>ntereverit.</span> <span class='ocrx_word' id='word_1_42' title='bbox 1793 909 1842 975; x_wconf 79' lang='lat' dir='ltr'>nc</span> 
     </span>
     <span class='ocr_line' id='line_1_6' title="bbox 431 998 1843 1102; baseline -0.004 -27"><span class='ocrx_word' id='word_1_43' title='bbox 431 1008 576 1084; x_wconf 78' lang='lat' dir='ltr'>sidicat,</span> <span class='ocrx_word' id='word_1_44' title='bbox 602 1002 817 1102; x_wconf 85' lang='lat' dir='ltr'>symptomata</span> <span class='ocrx_word' id='word_1_45' title='bbox 835 1008 1018 1074; x_wconf 88' lang='lat' dir='ltr'>eommunia</span> <span class='ocrx_word' id='word_1_46' title='bbox 1031 1013 1150 1101; x_wconf 86' lang='lat' dir='ltr'>quovis</span> <span class='ocrx_word' id='word_1_47' title='bbox 1169 1025 1233 1074; x_wconf 90' lang='lat' dir='ltr'>tem</span> <span class='ocrx_word' id='word_1_48' title='bbox 1278 1029 1311 1076; x_wconf 89' lang='lat' dir='ltr'>re</span> <span class='ocrx_word' id='word_1_49' title='bbox 1324 1013 1359 1076; x_wconf 79' lang='grc' dir='ltr'>δι</span> <span class='ocrx_word' id='word_1_50' title='bbox 1376 1008 1475 1076; x_wconf 88' lang='lat' dir='ltr'>modo</span> <span class='ocrx_word' id='word_1_51' title='bbox 1494 1010 1638 1087; x_wconf 84' lang='lat' dir='ltr'>irruunt,</span> <span class='ocrx_word' id='word_1_52' title='bbox 1663 999 1713 1075; x_wconf 88' lang='lat' dir='ltr'>sod</span> <span class='ocrx_word' id='word_1_53' title='bbox 1738 998 1843 1069; x_wconf 64' lang='lat' dir='ltr'>vam-</span> 
     </span>
     <span class='ocr_line' id='line_1_7' title="bbox 432 1032 1842 1202; baseline 0.001 -35"><span class='ocrx_word' id='word_1_54' title='bbox 432 1100 576 1186; x_wconf 60' lang='lat' dir='ltr'>mo&#39;psaoe</span> <span class='ocrx_word' id='word_1_55' title='bbox 599 1128 707 1199; x_wconf 87' lang='lat' dir='ltr'>quum</span> <span class='ocrx_word' id='word_1_56' title='bbox 724 1099 859 1183; x_wconf 84' lang='lat' dir='ltr'>adsunt,</span> <span class='ocrx_word' id='word_1_57' title='bbox 883 1129 948 1173; x_wconf 92' lang='lat' dir='ltr'>non</span> <span class='ocrx_word' id='word_1_58' title='bbox 962 1106 1139 1202; x_wconf 80' lang='lat' dir='ltr'>fimpliciter</span> <span class='ocrx_word' id='word_1_59' title='bbox 1155 1032 1307 1175; x_wconf 73' lang='lat' dir='ltr'>moriiim</span> <span class='ocrx_word' id='word_1_60' title='bbox 1323 1106 1420 1174; x_wconf 76' lang='lat' dir='ltr'>adesir</span> <span class='ocrx_word' id='word_1_61' title='bbox 1445 1125 1597 1202; x_wconf 83' lang='lat' dir='ltr'>oportet,</span> <span class='ocrx_word' id='word_1_62' title='bbox 1630 1098 1842 1194; x_wconf 70' lang='lat' dir='ltr'>snd⁴augeri‚</span> 
     </span>
     <span class='ocr_line' id='line_1_8' title="bbox 430 1198 1842 1299; baseline -0.004 -27"><span class='ocrx_word' id='word_1_63' title='bbox 430 1201 625 1281; x_wconf 87' lang='lat' dir='ltr'>increscere,</span> <span class='ocrx_word' id='word_1_64' title='bbox 658 1209 746 1294; x_wconf 78' lang='lat' dir='ltr'>cujus</span> <span class='ocrx_word' id='word_1_65' title='bbox 774 1207 953 1272; x_wconf 84' lang='lat' dir='ltr'>incrementi</span> <span class='ocrx_word' id='word_1_66' title='bbox 978 1223 1168 1295; x_wconf 80' lang='lat' dir='ltr'>argumenta</span> <span class='ocrx_word' id='word_1_67' title='bbox 1193 1200 1345 1299; x_wconf 83' lang='lat' dir='ltr'>signaque</span> <span class='ocrx_word' id='word_1_68' title='bbox 1367 1206 1447 1274; x_wconf 92' lang='lat' dir='ltr'>dant</span> <span class='ocrx_word' id='word_1_69' title='bbox 1471 1198 1674 1280; x_wconf 68' lang='lat' dir='ltr'>t&#39;myno&#39;mia:</span> <span class='ocrx_word' id='word_1_70' title='bbox 1706 1205 1842 1272; x_wconf 89' lang='lat' dir='ltr'>Horum</span> 
     </span>
     <span class='ocr_line' id='line_1_9' title="bbox 430 1297 1840 1404; baseline -0.006 -32"><span class='ocrx_word' id='word_1_71' title='bbox 430 1325 518 1373; x_wconf 78' lang='lat' dir='ltr'>exem</span> <span class='ocrx_word' id='word_1_72' title='bbox 542 1304 573 1372; x_wconf 89' lang='lat' dir='ltr'>la</span> <span class='ocrx_word' id='word_1_73' title='bbox 588 1303 692 1372; x_wconf 87' lang='lat' dir='ltr'>multa</span> <span class='ocrx_word' id='word_1_74' title='bbox 711 1303 898 1382; x_wconf 84' lang='lat' dir='ltr'>attulimus,</span> <span class='ocrx_word' id='word_1_75' title='bbox 922 1308 956 1372; x_wconf 81' lang='lat' dir='ltr'>dt</span> <span class='ocrx_word' id='word_1_76' title='bbox 980 1299 1139 1400; x_wconf 82' lang='lat' dir='ltr'>perspicua</span> <span class='ocrx_word' id='word_1_77' title='bbox 1154 1324 1303 1404; x_wconf 85' lang='lat' dir='ltr'>petentur</span> <span class='ocrx_word' id='word_1_78' title='bbox 1318 1327 1357 1373; x_wconf 84' lang='lat' dir='ltr'>ex</span> <span class='ocrx_word' id='word_1_79' title='bbox 1372 1297 1561 1401; x_wconf 78' lang='lat' dir='ltr'>aphorismis</span> <span class='ocrx_word' id='word_1_80' title='bbox 1584 1325 1636 1386; x_wconf 84' lang='lat'>¹7·</span> <span class='ocrx_word' id='word_1_81' title='bbox 1660 1299 1712 1368; x_wconf 81' lang='lat'>18.</span> <span class='ocrx_word' id='word_1_82' title='bbox 1738 1321 1750 1365; x_wconf 84' lang='grc' dir='ltr'><strong><em>ι</em></strong></span> <span class='ocrx_word' id='word_1_83' title='bbox 1756 1325 1790 1385; x_wconf 85' lang='lat'>9.</span> <span class='ocrx_word' id='word_1_84' title='bbox 1803 1302 1840 1364; x_wconf 76' lang='grc' dir='ltr'>δι</span> 
     </span>
     <span class='ocr_line' id='line_1_10' title="bbox 423 1329 1843 1498; baseline -0.008 -29"><span class='ocrx_word' id='word_1_85' title='bbox 423 1424 494 1469; x_wconf 56' lang='grc' dir='ltr'>ιο.</span> <span class='ocrx_word' id='word_1_86' title='bbox 508 1329 562 1470; x_wconf 78' lang='lat' dir='ltr'>lib.</span> <span class='ocrx_word' id='word_1_87' title='bbox 576 1427 608 1488; x_wconf 91' lang='lat'>7.</span> <span class='ocrx_word' id='word_1_88' title='bbox 625 1395 911 1498; x_wconf 80' lang='lat' dir='ltr'>Aphorifinorum,</span> <span class='ocrx_word' id='word_1_89' title='bbox 936 1421 974 1470; x_wconf 94' lang='lat' dir='ltr'>ut</span> <span class='ocrx_word' id='word_1_90' title='bbox 990 1422 1116 1473; x_wconf 90' lang='lat' dir='ltr'>tantum</span> <span class='ocrx_word' id='word_1_91' title='bbox 1133 1405 1285 1472; x_wconf 83' lang='lat' dir='ltr'>deteriore</span> <span class='ocrx_word' id='word_1_92' title='bbox 1304 1397 1420 1471; x_wconf 88' lang='lat' dir='ltr'>morbo</span> <span class='ocrx_word' id='word_1_93' title='bbox 1438 1398 1527 1470; x_wconf 72' lang='lat' dir='ltr'>facto</span> <span class='ocrx_word' id='word_1_94' title='bbox 1543 1394 1744 1497; x_wconf 77' lang='lat' dir='ltr'>symptmua,</span> <span class='ocrx_word' id='word_1_95' title='bbox 1764 1395 1843 1460; x_wconf 68' lang='grc' dir='ltr'>ἐσι-</span> 
     </span>
     <span class='ocr_line' id='line_1_11' title="bbox 437 1487 1844 1601; baseline -0.002 -35"><span class='ocrx_word' id='word_1_96' title='bbox 437 1496 559 1578; x_wconf 63' lang='lat' dir='ltr'>vinnai</span> <span class='ocrx_word' id='word_1_97' title='bbox 582 1501 727 1569; x_wconf 85' lang='lat' dir='ltr'>dicatur.</span> <span class='ocrx_word' id='word_1_98' title='bbox 760 1500 818 1569; x_wconf 80' lang='lat' dir='ltr'>Sed</span> <span class='ocrx_word' id='word_1_99' title='bbox 842 1504 874 1568; x_wconf 91' lang='lat' dir='ltr'>in</span> <span class='ocrx_word' id='word_1_100' title='bbox 892 1501 1096 1596; x_wconf 72' lang='lat' dir='ltr'>explicatione</span> <span class='ocrx_word' id='word_1_101' title='bbox 1114 1505 1315 1601; x_wconf 82' lang='lat' dir='ltr'>proprietatis</span> <span class='ocrx_word' id='word_1_102' title='bbox 1335 1495 1421 1572; x_wconf 67' lang='lat' dir='ltr'>ierbi</span> <span class='ocrx_word' id='word_1_103' title='bbox 1449 1500 1546 1587; x_wconf 76' lang='lat' dir='ltr'>hujus</span> <span class='ocrx_word' id='word_1_104' title='bbox 1572 1487 1844 1596; x_wconf 75' lang='lat' dir='ltr'>primasnabebir</span> 
     </span>
     <span class='ocr_line' id='line_1_12' title="bbox 435 1590 1846 1695; baseline -0.006 -24"><span class='ocrx_word' id='word_1_105' title='bbox 435 1602 564 1671; x_wconf 82' lang='lat' dir='ltr'>comm.</span> <span class='ocrx_word' id='word_1_106' title='bbox 584 1601 617 1667; x_wconf 92' lang='lat' dir='ltr'>in</span> <span class='ocrx_word' id='word_1_107' title='bbox 636 1593 863 1695; x_wconf 79' lang='lat' dir='ltr'>Aphotismum</span> <span class='ocrx_word' id='word_1_108' title='bbox 883 1601 1088 1669; x_wconf 80' lang='lat' dir='ltr'>undecimum</span> <span class='ocrx_word' id='word_1_109' title='bbox 1113 1596 1169 1669; x_wconf 68' lang='lat' dir='ltr'>nit</span> <span class='ocrx_word' id='word_1_110' title='bbox 1188 1627 1218 1687; x_wconf 88' lang='lat'>7.</span> <span class='ocrx_word' id='word_1_111' title='bbox 1246 1596 1304 1671; x_wconf 90' lang='lat' dir='ltr'>ubi</span> <span class='ocrx_word' id='word_1_112' title='bbox 1331 1599 1435 1671; x_wconf 72' lang='lat' dir='ltr'>emere</span> <span class='ocrx_word' id='word_1_113' title='bbox 1456 1590 1846 1667; x_wconf 64' lang='lat' dir='ltr'>diffluentias-verborum</span> 
     </span>
     <span class='ocr_line' id='line_1_13' title="bbox 436 1691 1847 1794; baseline -0.005 -28"><span class='ocrx_word' id='word_1_114' title='bbox 436 1699 579 1766; x_wconf 87' lang='lat' dir='ltr'>duorum</span> <span class='ocrx_word' id='word_1_115' title='bbox 610 1691 803 1773; x_wconf 67' lang='lat' dir='ltr'>muriam</span> <span class='ocrx_word' id='word_1_116' title='bbox 830 1706 856 1783; x_wconf 57' lang='lat' dir='ltr'>a,</span> <span class='ocrx_word' id='word_1_117' title='bbox 882 1693 1048 1774; x_wconf 54' lang='lat' dir='ltr'>minnan</span> <span class='ocrx_word' id='word_1_118' title='bbox 1080 1700 1244 1794; x_wconf 78' lang='lat' dir='ltr'>assignat.</span> <span class='ocrx_word' id='word_1_119' title='bbox 1283 1703 1373 1771; x_wconf 87' lang='lat' dir='ltr'>Nam</span> <span class='ocrx_word' id='word_1_120' title='bbox 1394 1699 1556 1769; x_wconf 82' lang='lat' dir='ltr'>demutati.</span> <span class='ocrx_word' id='word_1_121' title='bbox 1576 1696 1703 1788; x_wconf 86' lang='lat' dir='ltr'>aliquid</span> <span class='ocrx_word' id='word_1_122' title='bbox 1729 1696 1847 1762; x_wconf 83' lang='lat' dir='ltr'>dicitur</span> 
     </span>
     <span class='ocr_line' id='line_1_14' title="bbox 437 1787 1848 1897; baseline -0.004 -33"><span class='ocrx_word' id='word_1_123' title='bbox 437 1819 542 1893; x_wconf 90' lang='lat' dir='ltr'>quum</span> <span class='ocrx_word' id='word_1_124' title='bbox 559 1801 662 1892; x_wconf 81' lang='lat' dir='ltr'>priore</span> <span class='ocrx_word' id='word_1_125' title='bbox 677 1796 828 1891; x_wconf 84' lang='lat' dir='ltr'>adempto</span> <span class='ocrx_word' id='word_1_126' title='bbox 846 1819 971 1867; x_wconf 89' lang='lat' dir='ltr'>novum</span> <span class='ocrx_word' id='word_1_127' title='bbox 985 1791 1118 1869; x_wconf 72' lang='lat' dir='ltr'>succedit</span> <span class='ocrx_word' id='word_1_128' title='bbox 1137 1825 1145 1867; x_wconf 75' lang='grc' dir='ltr'><strong>ι</strong></span> <span class='ocrx_word' id='word_1_129' title='bbox 1169 1802 1232 1872; x_wconf 82' lang='lat' dir='ltr'>five</span> <span class='ocrx_word' id='word_1_130' title='bbox 1253 1803 1340 1897; x_wconf 81' lang='lat' dir='ltr'>prius</span> <span class='ocrx_word' id='word_1_131' title='bbox 1357 1803 1390 1868; x_wconf 94' lang='lat' dir='ltr'>in</span> <span class='ocrx_word' id='word_1_132' title='bbox 1454 1795 1559 1866; x_wconf 78' lang='lat' dir='ltr'>iterius</span> <span class='ocrx_word' id='word_1_133' title='bbox 1575 1787 1762 1865; x_wconf 77' lang='lat' dir='ltr'>conuersum</span> <span class='ocrx_word' id='word_1_134' title='bbox 1778 1788 1848 1859; x_wconf 78' lang='lat' dir='ltr'>sue·</span> 
     </span>
     <span class='ocr_line' id='line_1_15' title="bbox 440 1823 1850 1994; baseline -0.006 -30"><span class='ocrx_word' id='word_1_135' title='bbox 440 1900 499 1972; x_wconf 83' lang='lat' dir='ltr'>rit,</span> <span class='ocrx_word' id='word_1_136' title='bbox 525 1895 586 1964; x_wconf 84' lang='lat' dir='ltr'>slve</span> <span class='ocrx_word' id='word_1_137' title='bbox 596 1888 735 1963; x_wconf 87' lang='lat' dir='ltr'>servetur</span> <span class='ocrx_word' id='word_1_138' title='bbox 744 1886 853 1990; x_wconf 78' lang='lat' dir='ltr'>species</span> <span class='ocrx_word' id='word_1_139' title='bbox 861 1889 990 1972; x_wconf 87' lang='lat' dir='ltr'>morbi,</span> <span class='ocrx_word' id='word_1_140' title='bbox 1015 1897 1076 1967; x_wconf 85' lang='lat' dir='ltr'>five</span> <span class='ocrx_word' id='word_1_141' title='bbox 1092 1921 1212 1994; x_wconf 79' lang='lat' dir='ltr'>genus,</span> <span class='ocrx_word' id='word_1_142' title='bbox 1235 1901 1298 1970; x_wconf 78' lang='lat' dir='ltr'>five</span> <span class='ocrx_word' id='word_1_143' title='bbox 1317 1923 1381 1967; x_wconf 86' lang='lat' dir='ltr'>non</span> <span class='ocrx_word' id='word_1_144' title='bbox 1399 1823 1557 1971; x_wconf 60' lang='lat' dir='ltr'>donetur,</span> <span class='ocrx_word' id='word_1_145' title='bbox 1582 1912 1620 1961; x_wconf 91' lang='lat' dir='ltr'>ut</span> <span class='ocrx_word' id='word_1_146' title='bbox 1635 1916 1742 1984; x_wconf 86' lang='lat' dir='ltr'>quum</span> <span class='ocrx_word' id='word_1_147' title='bbox 1758 1892 1850 1985; x_wconf 85' lang='lat' dir='ltr'>pleu-</span> 
     </span>
     <span class='ocr_line' id='line_1_16' title="bbox 440 1983 1851 2089; baseline -0.008 -27"><span class='ocrx_word' id='word_1_148' title='bbox 440 1996 506 2062; x_wconf 86' lang='lat' dir='ltr'>ritis</span> <span class='ocrx_word' id='word_1_149' title='bbox 532 1995 564 2059; x_wconf 92' lang='lat' dir='ltr'>in</span> <span class='ocrx_word' id='word_1_150' title='bbox 586 1999 879 2089; x_wconf 86' lang='lat' dir='ltr'>peripneumoniam</span> <span class='ocrx_word' id='word_1_151' title='bbox 900 2013 1077 2071; x_wconf 86' lang='lat' dir='ltr'>mutatur,</span> <span class='ocrx_word' id='word_1_152' title='bbox 1107 1998 1158 2064; x_wconf 83' lang='lat' dir='ltr'>hic</span> <span class='ocrx_word' id='word_1_153' title='bbox 1191 1990 1361 2070; x_wconf 56' lang='lat' dir='ltr'>atrimae</span> <span class='ocrx_word' id='word_1_154' title='bbox 1384 1993 1509 2061; x_wconf 85' lang='lat' dir='ltr'>estnon</span> <span class='ocrx_word' id='word_1_155' title='bbox 1529 2009 1638 2059; x_wconf 85' lang='lat' dir='ltr'>autem</span> <span class='ocrx_word' id='word_1_156' title='bbox 1658 1983 1851 2064; x_wconf 64' lang='grc' dir='ltr'>ι’πιγίιημι,</span> 
     </span>
     <span class='ocr_line' id='line_1_17' title="bbox 441 2087 1854 2192; baseline -0.008 -30"><span class='ocrx_word' id='word_1_157' title='bbox 441 2087 492 2162; x_wconf 85' lang='lat' dir='ltr'>sed</span> <span class='ocrx_word' id='word_1_158' title='bbox 510 2091 707 2191; x_wconf 84' lang='lat' dir='ltr'>stpleuritidi</span> <span class='ocrx_word' id='word_1_159' title='bbox 723 2096 862 2160; x_wconf 86' lang='lat' dir='ltr'>manenti</span> <span class='ocrx_word' id='word_1_160' title='bbox 880 2087 1022 2159; x_wconf 80' lang='lat' dir='ltr'>sircoodat</span> <span class='ocrx_word' id='word_1_161' title='bbox 1047 2095 1305 2192; x_wconf 82' lang='lat' dir='ltr'>peripneumonia</span> <span class='ocrx_word' id='word_1_162' title='bbox 1337 2114 1392 2187; x_wconf 86' lang='lat' dir='ltr'>per</span> <span class='ocrx_word' id='word_1_163' title='bbox 1417 2090 1554 2161; x_wconf 74' lang='lat' dir='ltr'>materia</span> <span class='ocrx_word' id='word_1_164' title='bbox 1580 2088 1854 2154; x_wconf 79' lang='lat' dir='ltr'>communicatio-</span> 
     </span>
     <span class='ocr_line' id='line_1_18' title="bbox 441 2175 1853 2287; baseline -0.002 -27"><span class='ocrx_word' id='word_1_165' title='bbox 441 2213 537 2268; x_wconf 87' lang='lat' dir='ltr'>nem,</span> <span class='ocrx_word' id='word_1_166' title='bbox 561 2188 597 2258; x_wconf 82' lang='lat'>&amp;</span> <span class='ocrx_word' id='word_1_167' title='bbox 621 2183 800 2259; x_wconf 88' lang='lat' dir='ltr'>consensum</span> <span class='ocrx_word' id='word_1_168' title='bbox 817 2192 957 2287; x_wconf 82' lang='lat' dir='ltr'>partium</span> <span class='ocrx_word' id='word_1_169' title='bbox 972 2184 1205 2285; x_wconf 82' lang='lat' dir='ltr'>respirationem</span> <span class='ocrx_word' id='word_1_170' title='bbox 1224 2184 1434 2285; x_wconf 67' lang='lat' dir='ltr'>spedantium</span> <span class='ocrx_word' id='word_1_171' title='bbox 1454 2238 1465 2268; x_wconf 90' lang='lat'>,</span> <span class='ocrx_word' id='word_1_172' title='bbox 1498 2188 1551 2254; x_wconf 89' lang='lat' dir='ltr'>hic</span> <span class='ocrx_word' id='word_1_173' title='bbox 1566 2209 1631 2253; x_wconf 91' lang='lat' dir='ltr'>non</span> <span class='ocrx_word' id='word_1_174' title='bbox 1646 2175 1820 2259; x_wconf 58' lang='lat' dir='ltr'>nimir</span> <span class='ocrx_word' id='word_1_175' title='bbox 1839 2225 1853 2257; x_wconf 72' lang='lat'>2</span> 
     </span>
     <span class='ocr_line' id='line_1_19' title="bbox 444 2277 1853 2385; baseline -0.01 -25"><span class='ocrx_word' id='word_1_176' title='bbox 444 2286 496 2360; x_wconf 86' lang='lat' dir='ltr'>sed</span> <span class='ocrx_word' id='word_1_177' title='bbox 521 2284 688 2364; x_wconf 62' lang='lat' dir='ltr'>t’arndniaa</span> <span class='ocrx_word' id='word_1_178' title='bbox 707 2287 770 2356; x_wconf 80' lang='lat' dir='ltr'>est:</span> <span class='ocrx_word' id='word_1_179' title='bbox 795 2292 837 2357; x_wconf 83' lang='lat' dir='ltr'>Et</span> <span class='ocrx_word' id='word_1_180' title='bbox 855 2289 934 2356; x_wconf 87' lang='lat' dir='ltr'>iliud</span> <span class='ocrx_word' id='word_1_181' title='bbox 959 2283 1144 2368; x_wconf 66' lang='grc' dir='ltr'>ι’σηόιμα,</span> <span class='ocrx_word' id='word_1_182' title='bbox 1171 2289 1292 2357; x_wconf 85' lang='lat' dir='ltr'>maium</span> <span class='ocrx_word' id='word_1_183' title='bbox 1309 2284 1353 2356; x_wconf 83' lang='lat' dir='ltr'>est</span> <span class='ocrx_word' id='word_1_184' title='bbox 1372 2283 1469 2385; x_wconf 87' lang='lat' dir='ltr'>perse</span> <span class='ocrx_word' id='word_1_185' title='bbox 1486 2292 1521 2354; x_wconf 74' lang='grc' dir='ltr'>δι</span> <span class='ocrx_word' id='word_1_186' title='bbox 1540 2277 1687 2352; x_wconf 86' lang='lat' dir='ltr'>absolute</span> <span class='ocrx_word' id='word_1_187' title='bbox 1702 2325 1720 2355; x_wconf 80' lang='lat'>‚.</span> <span class='ocrx_word' id='word_1_188' title='bbox 1743 2279 1853 2346; x_wconf 79' lang='lat' dir='ltr'>addit-</span> 
     </span>
     <span class='ocr_line' id='line_1_20' title="bbox 445 2370 1849 2504; baseline -0.002 -50"><span class='ocrx_word' id='word_1_189' title='bbox 445 2437 466 2468; x_wconf 91' lang='lat'>„</span> <span class='ocrx_word' id='word_1_190' title='bbox 492 2409 559 2483; x_wconf 91' lang='lat' dir='ltr'>que</span> <span class='ocrx_word' id='word_1_191' title='bbox 578 2388 786 2504; x_wconf 83' lang='lat' dir='ltr'>Hippocratis</span> <span class='ocrx_word' id='word_1_192' title='bbox 805 2387 928 2484; x_wconf 78' lang='lat' dir='ltr'>Aphor.</span> <span class='ocrx_word' id='word_1_193' title='bbox 958 2394 1165 2483; x_wconf 84' lang='lat' dir='ltr'>interpretans</span> <span class='ocrx_word' id='word_1_194' title='bbox 1189 2387 1360 2463; x_wconf 85' lang='lat' dir='ltr'>Galenus,</span> <span class='ocrx_word' id='word_1_195' title='bbox 1394 2386 1500 2451; x_wconf 71' lang='grc' dir='ltr'>ἅπασα</span> <span class='ocrx_word' id='word_1_196' title='bbox 1521 2377 1565 2464; x_wconf 65' lang='grc' dir='ltr'>ἥδ’</span> <span class='ocrx_word' id='word_1_197' title='bbox 1577 2370 1849 2454; x_wconf 41' lang='lat' dir='ltr'>tarvannam,</span> 
     </span>
     <span class='ocr_line' id='line_1_21' title="bbox 446 2472 1851 2571; baseline -0.007 -20"><span class='ocrx_word' id='word_1_198' title='bbox 446 2535 470 2568; x_wconf 92' lang='lat'><strong>„</strong></span> <span class='ocrx_word' id='word_1_199' title='bbox 493 2480 640 2560; x_wconf 72' lang='grc' dir='ltr'>σῦςασιςυ</span> <span class='ocrx_word' id='word_1_200' title='bbox 654 2478 1109 2571; x_wconf 54' lang='grc' dir='ltr'>σμικροῖςῦἓΐπιωέσινῖοιτα</span> <span class='ocrx_word' id='word_1_201' title='bbox 1116 2472 1713 2565; x_wconf 53' lang='grc' dir='ltr'>κσῆμασιᾶλλᾶμεγᾶλωςῂκακηίἃεσιι</span> <span class='ocrx_word' id='word_1_202' title='bbox 1740 2472 1851 2553; x_wconf 86' lang='lat' dir='ltr'>idest,</span> 
     </span>
     <span class='ocr_line' id='line_1_22' title="bbox 443 2577 1854 2676; baseline -0.009 -23"><span class='ocrx_word' id='word_1_203' title='bbox 443 2589 546 2653; x_wconf 81' lang='lat' dir='ltr'>onmis</span> <span class='ocrx_word' id='word_1_204' title='bbox 562 2605 696 2659; x_wconf 81' lang='lat' dir='ltr'>natura,</span> <span class='ocrx_word' id='word_1_205' title='bbox 720 2587 817 2652; x_wconf 89' lang='lat' dir='ltr'>vis&amp;</span> <span class='ocrx_word' id='word_1_206' title='bbox 837 2581 1020 2654; x_wconf 84' lang='lat' dir='ltr'>constitutio</span> <span class='ocrx_word' id='word_1_207' title='bbox 1037 2605 1150 2651; x_wconf 88' lang='lat' dir='ltr'>ootum</span> <span class='ocrx_word' id='word_1_208' title='bbox 1168 2607 1241 2676; x_wconf 85' lang='lat' dir='ltr'>quae</span> <span class='ocrx_word' id='word_1_209' title='bbox 1262 2585 1300 2649; x_wconf 80' lang='lat' dir='ltr'>sic</span> <span class='ocrx_word' id='word_1_210' title='bbox 1314 2578 1539 2676; x_wconf 83' lang='lat' dir='ltr'>superveniunt</span> <span class='ocrx_word' id='word_1_211' title='bbox 1557 2577 1601 2646; x_wconf 88' lang='lat' dir='ltr'>est</span> <span class='ocrx_word' id='word_1_212' title='bbox 1622 2594 1743 2644; x_wconf 88' lang='lat' dir='ltr'>utnon</span> <span class='ocrx_word' id='word_1_213' title='bbox 1767 2596 1854 2641; x_wconf 54' lang='lat' dir='ltr'>mor*</span> 
     </span>
     <span class='ocr_line' id='line_1_23' title="bbox 388 2667 1851 2776; baseline -0.009 -24"><span class='ocrx_word' id='word_1_214' title='bbox 388 2690 391 2701; x_wconf 91' lang='lat'>&#39;</span> <span class='ocrx_word' id='word_1_215' title='bbox 443 2677 502 2751; x_wconf 84' lang='lat' dir='ltr'>bos</span> <span class='ocrx_word' id='word_1_216' title='bbox 526 2704 641 2776; x_wconf 82' lang='lat' dir='ltr'>parvos</span> <span class='ocrx_word' id='word_1_217' title='bbox 666 2684 701 2747; x_wconf 75' lang='grc' dir='ltr'>δι</span> <span class='ocrx_word' id='word_1_218' title='bbox 725 2673 895 2751; x_wconf 77' lang='lat' dir='ltr'>benevolos</span> <span class='ocrx_word' id='word_1_219' title='bbox 911 2732 930 2758; x_wconf 82' lang='lat'>„</span> <span class='ocrx_word' id='word_1_220' title='bbox 947 2677 998 2750; x_wconf 89' lang='lat' dir='ltr'>sed</span> <span class='ocrx_word' id='word_1_221' title='bbox 1021 2702 1155 2775; x_wconf 82' lang='lat' dir='ltr'>magnos</span> <span class='ocrx_word' id='word_1_222' title='bbox 1179 2685 1213 2752; x_wconf 89' lang='lat'>&amp;</span> <span class='ocrx_word' id='word_1_223' title='bbox 1238 2681 1321 2749; x_wconf 83' lang='lat' dir='ltr'>male</span> <span class='ocrx_word' id='word_1_224' title='bbox 1346 2700 1487 2749; x_wconf 85' lang='lat' dir='ltr'>moratos</span> <span class='ocrx_word' id='word_1_225' title='bbox 1511 2669 1769 2766; x_wconf 84' lang='lat' dir='ltr'>consequantur:</span> <span class='ocrx_word' id='word_1_226' title='bbox 1794 2667 1851 2741; x_wconf 89' lang='lat' dir='ltr'>ubi</span> 
     </span>
     <span class='ocr_line' id='line_1_24' title="bbox 442 2770 1848 2878; baseline -0.002 -28"><span class='ocrx_word' id='word_1_227' title='bbox 442 2802 559 2851; x_wconf 85' lang='lat' dir='ltr'>nomen</span> <span class='ocrx_word' id='word_1_228' title='bbox 583 2772 703 2850; x_wconf 69' lang='grc' dir='ltr'><strong><em>σῦςασιε</em></strong></span> <span class='ocrx_word' id='word_1_229' title='bbox 727 2779 921 2848; x_wconf 83' lang='lat' dir='ltr'>Lmnicenus</span> <span class='ocrx_word' id='word_1_230' title='bbox 952 2783 1069 2878; x_wconf 84' lang='lat' dir='ltr'>pingue</span> <span class='ocrx_word' id='word_1_231' title='bbox 1103 2786 1198 2853; x_wconf 80' lang='lat' dir='ltr'>nimis</span> <span class='ocrx_word' id='word_1_232' title='bbox 1228 2784 1263 2853; x_wconf 77' lang='lat' dir='ltr'>dc</span> <span class='ocrx_word' id='word_1_233' title='bbox 1296 2773 1444 2848; x_wconf 82' lang='lat' dir='ltr'>obscure·</span> <span class='ocrx_word' id='word_1_234' title='bbox 1462 2780 1584 2856; x_wconf 80' lang='lat' dir='ltr'>vertit,</span> <span class='ocrx_word' id='word_1_235' title='bbox 1615 2770 1848 2858; x_wconf 52' lang='lat' dir='ltr'>Corsicana·</span> 
     </span>
     <span class='ocr_line' id='line_1_25' title="bbox 442 2865 1851 2979; baseline -0.008 -29"><span class='ocrx_word' id='word_1_236' title='bbox 442 2885 489 2951; x_wconf 85' lang='lat' dir='ltr'>Ex</span> <span class='ocrx_word' id='word_1_237' title='bbox 515 2878 575 2946; x_wconf 88' lang='lat' dir='ltr'>hoc</span> <span class='ocrx_word' id='word_1_238' title='bbox 600 2894 706 2946; x_wconf 86' lang='lat' dir='ltr'>autem</span> <span class='ocrx_word' id='word_1_239' title='bbox 716 2878 828 2949; x_wconf 77' lang='lat' dir='ltr'>Galerii</span> <span class='ocrx_word' id='word_1_240' title='bbox 853 2893 1012 2949; x_wconf 83' lang='lat' dir='ltr'>contextu·</span> <span class='ocrx_word' id='word_1_241' title='bbox 1029 2898 1118 2978; x_wconf 84' lang='lat' dir='ltr'>patet</span> <span class='ocrx_word' id='word_1_242' title='bbox 1138 2903 1207 2949; x_wconf 90' lang='lat' dir='ltr'>non</span> <span class='ocrx_word' id='word_1_243' title='bbox 1222 2875 1343 2979; x_wconf 76' lang='lat' dir='ltr'>sonper</span> <span class='ocrx_word' id='word_1_244' title='bbox 1368 2871 1571 2957; x_wconf 61' lang='lat' dir='ltr'>incudm,</span> <span class='ocrx_word' id='word_1_245' title='bbox 1596 2865 1786 2946; x_wconf 84' lang='lat' dir='ltr'>hochabem</span> <span class='ocrx_word' id='word_1_246' title='bbox 1797 2891 1851 2968; x_wconf 78' lang='lat' dir='ltr'>pe-</span> 
     </span>
     <span class='ocr_line' id='line_1_26' title="bbox 443 2970 1856 3075; baseline -0.008 -24"><span class='ocrx_word' id='word_1_247' title='bbox 443 2979 562 3051; x_wconf 84' lang='lat' dir='ltr'>culiare</span> <span class='ocrx_word' id='word_1_248' title='bbox 586 2995 624 3045; x_wconf 92' lang='lat' dir='ltr'>ut</span> <span class='ocrx_word' id='word_1_249' title='bbox 648 2981 751 3072; x_wconf 85' lang='lat' dir='ltr'>pravis</span> <span class='ocrx_word' id='word_1_250' title='bbox 774 2974 992 3048; x_wconf 76' lang='lat' dir='ltr'>affedtionibus</span> <span class='ocrx_word' id='word_1_251' title='bbox 1016 2979 1219 3050; x_wconf 70' lang='lat' dir='ltr'>adhereant:</span> <span class='ocrx_word' id='word_1_252' title='bbox 1243 2975 1294 3048; x_wconf 88' lang='lat' dir='ltr'>sod</span> <span class='ocrx_word' id='word_1_253' title='bbox 1317 2980 1453 3073; x_wconf 83' lang='lat' dir='ltr'>loquens</span> <span class='ocrx_word' id='word_1_254' title='bbox 1477 2976 1675 3075; x_wconf 84' lang='lat' dir='ltr'>potuiiariter</span> <span class='ocrx_word' id='word_1_255' title='bbox 1697 2973 1737 3044; x_wconf 90' lang='lat' dir='ltr'>de</span> <span class='ocrx_word' id='word_1_256' title='bbox 1761 2970 1856 3067; x_wconf 84' lang='lat' dir='ltr'>pleu-</span> 
     </span>
     <span class='ocr_line' id='line_1_27' title="bbox 445 3062 1856 3175; baseline -0.006 -26"><span class='ocrx_word' id='word_1_257' title='bbox 445 3080 539 3149; x_wconf 85' lang='lat' dir='ltr'>ritide</span> <span class='ocrx_word' id='word_1_258' title='bbox 562 3080 614 3146; x_wconf 87' lang='lat' dir='ltr'>cui</span> <span class='ocrx_word' id='word_1_259' title='bbox 638 3082 894 3175; x_wconf 84' lang='lat' dir='ltr'>peripneumonia</span> <span class='ocrx_word' id='word_1_260' title='bbox 926 3072 1137 3175; x_wconf 82' lang='lat' dir='ltr'>supervenit,</span> <span class='ocrx_word' id='word_1_261' title='bbox 1171 3080 1248 3147; x_wconf 88' lang='lat' dir='ltr'>dicit</span> <span class='ocrx_word' id='word_1_262' title='bbox 1274 3081 1509 3175; x_wconf 85' lang='lat' dir='ltr'>Hippocratem</span> <span class='ocrx_word' id='word_1_263' title='bbox 1533 3073 1688 3144; x_wconf 87' lang='lat' dir='ltr'>hocloco</span> <span class='ocrx_word' id='word_1_264' title='bbox 1711 3062 1856 3140; x_wconf 68' lang='lat' dir='ltr'>viriiite-</span> 
     </span>
     <span class='ocr_line' id='line_1_28' title="bbox 448 3168 1855 3271; baseline -0.003 -31"><span class='ocrx_word' id='word_1_265' title='bbox 448 3171 604 3258; x_wconf 64' lang='lat' dir='ltr'>wont&#39;mr</span> <span class='ocrx_word' id='word_1_266' title='bbox 627 3198 737 3269; x_wconf 80' lang='lat' dir='ltr'>agere,</span> <span class='ocrx_word' id='word_1_267' title='bbox 761 3173 879 3271; x_wconf 83' lang='lat' dir='ltr'>quibus</span> <span class='ocrx_word' id='word_1_268' title='bbox 903 3177 962 3244; x_wconf 86' lang='lat' dir='ltr'>hot</span> <span class='ocrx_word' id='word_1_269' title='bbox 987 3177 1024 3243; x_wconf 80' lang='lat' dir='ltr'>sit</span> <span class='ocrx_word' id='word_1_270' title='bbox 1048 3177 1274 3254; x_wconf 83' lang='lat' dir='ltr'>vernaculum,</span> <span class='ocrx_word' id='word_1_271' title='bbox 1298 3196 1338 3245; x_wconf 91' lang='lat' dir='ltr'>ut</span> <span class='ocrx_word' id='word_1_272' title='bbox 1361 3174 1467 3246; x_wconf 86' lang='lat' dir='ltr'>statim</span> <span class='ocrx_word' id='word_1_273' title='bbox 1491 3176 1577 3245; x_wconf 84' lang='lat' dir='ltr'>mala</span> <span class='ocrx_word' id='word_1_274' title='bbox 1598 3172 1657 3238; x_wconf 84' lang='lat' dir='ltr'>sint</span> <span class='ocrx_word' id='word_1_275' title='bbox 1671 3194 1688 3251; x_wconf 62' lang='grc' dir='ltr'>ς,</span> <span class='ocrx_word' id='word_1_276' title='bbox 1703 3168 1855 3258; x_wconf 79' lang='lat' dir='ltr'>quandi-</span> 
     </span>
     <span class='ocr_line' id='line_1_29' title="bbox 446 3266 1855 3371; baseline -0.01 -26"><span class='ocrx_word' id='word_1_277' title='bbox 446 3285 498 3346; x_wconf 87' lang='lat' dir='ltr'>cat</span> <span class='ocrx_word' id='word_1_278' title='bbox 522 3278 698 3367; x_wconf 85' lang='lat' dir='ltr'>contingere</span> <span class='ocrx_word' id='word_1_279' title='bbox 722 3276 803 3371; x_wconf 83' lang='lat' dir='ltr'>posse</span> <span class='ocrx_word' id='word_1_280' title='bbox 821 3291 841 3353; x_wconf 75' lang='lat'>,&#39;</span> <span class='ocrx_word' id='word_1_281' title='bbox 863 3293 901 3342; x_wconf 89' lang='lat' dir='ltr'>ut</span> <span class='ocrx_word' id='word_1_282' title='bbox 937 3278 1065 3343; x_wconf 88' lang='lat' dir='ltr'>nomine</span> <span class='ocrx_word' id='word_1_283' title='bbox 1097 3275 1207 3370; x_wconf 86' lang='lat' dir='ltr'>paullo</span> <span class='ocrx_word' id='word_1_284' title='bbox 1235 3276 1354 3369; x_wconf 84' lang='lat' dir='ltr'>largius</span> <span class='ocrx_word' id='word_1_285' title='bbox 1380 3270 1484 3345; x_wconf 87' lang='lat' dir='ltr'>sumto</span> <span class='ocrx_word' id='word_1_286' title='bbox 1508 3297 1573 3343; x_wconf 88' lang='lat' dir='ltr'>non</span> <span class='ocrx_word' id='word_1_287' title='bbox 1598 3266 1788 3350; x_wconf 78' lang='lat' dir='ltr'>itamaium</span> <span class='ocrx_word' id='word_1_288' title='bbox 1814 3267 1855 3331; x_wconf 82' lang='lat' dir='ltr'>fi-</span> 
     </span>
     <span class='ocr_line' id='line_1_30' title="bbox 471 3356 1869 3445; baseline -0.008 -2"><span class='ocrx_word' id='word_1_289' title='bbox 471 3377 596 3444; x_wconf 86' lang='lat' dir='ltr'>nificent</span> <span class='ocrx_word' id='word_1_290' title='bbox 621 3378 716 3443; x_wconf 89' lang='lat' dir='ltr'>utin</span> <span class='ocrx_word' id='word_1_291' title='bbox 741 3374 924 3443; x_wconf 83' lang='lat' dir='ltr'>hocloco.</span> <span class='ocrx_word' id='word_1_292' title='bbox 958 3374 1082 3443; x_wconf 86' lang='lat' dir='ltr'>Tamen</span> <span class='ocrx_word' id='word_1_293' title='bbox 1107 3393 1181 3443; x_wconf 89' lang='lat' dir='ltr'>ante</span> <span class='ocrx_word' id='word_1_294' title='bbox 1204 3372 1457 3445; x_wconf 85' lang='lat' dir='ltr'>demonstratum</span> <span class='ocrx_word' id='word_1_295' title='bbox 1487 3372 1571 3443; x_wconf 67' lang='lat' dir='ltr'>estze</span> <span class='ocrx_word' id='word_1_296' title='bbox 1594 3387 1707 3438; x_wconf 84' lang='lat' dir='ltr'>natura</span> <span class='ocrx_word' id='word_1_297' title='bbox 1729 3361 1787 3432; x_wconf 80' lang='lat' dir='ltr'>eise</span> <span class='ocrx_word' id='word_1_298' title='bbox 1815 3356 1869 3445; x_wconf 64' lang='lat' dir='ltr'>iii,-</span> 
     </span>
     <span class='ocr_line' id='line_1_31' title="bbox 449 3467 1866 3584; baseline -0.001 -41"><span class='ocrx_word' id='word_1_299' title='bbox 449 3468 683 3551; x_wconf 63' lang='lat' dir='ltr'>rimamini,</span> <span class='ocrx_word' id='word_1_300' title='bbox 698 3493 736 3543; x_wconf 90' lang='lat' dir='ltr'>ut</span> <span class='ocrx_word' id='word_1_301' title='bbox 760 3499 825 3543; x_wconf 92' lang='lat' dir='ltr'>non</span> <span class='ocrx_word' id='word_1_302' title='bbox 851 3474 907 3541; x_wconf 74' lang='lat' dir='ltr'>nid</span> <span class='ocrx_word' id='word_1_303' title='bbox 932 3467 1120 3543; x_wconf 86' lang='lat' dir='ltr'>morborum</span> <span class='ocrx_word' id='word_1_304' title='bbox 1145 3494 1271 3572; x_wconf 81' lang='lat' dir='ltr'>tempus</span> <span class='ocrx_word' id='word_1_305' title='bbox 1295 3473 1432 3547; x_wconf 83' lang='lat' dir='ltr'>deterius</span> <span class='ocrx_word' id='word_1_306' title='bbox 1445 3467 1701 3584; x_wconf 71' lang='lat' dir='ltr'>consequantur.</span> <span class='ocrx_word' id='word_1_307' title='bbox 1724 3468 1866 3541; x_wconf 50' lang='grc' dir='ltr'>ΜΨ·</span> 
     </span>
     <span class='ocr_line' id='line_1_32' title="bbox 449 3566 1866 3671; baseline -0.002 -31"><span class='ocrx_word' id='word_1_308' title='bbox 449 3566 483 3640; x_wconf 83' lang='lat' dir='ltr'>bi</span> <span class='ocrx_word' id='word_1_309' title='bbox 509 3578 760 3642; x_wconf 87' lang='lat' dir='ltr'>incrementum.</span> <span class='ocrx_word' id='word_1_310' title='bbox 796 3575 884 3643; x_wconf 88' lang='lat' dir='ltr'>Nam</span> <span class='ocrx_word' id='word_1_311' title='bbox 909 3595 1015 3667; x_wconf 88' lang='lat' dir='ltr'>quum</span> <span class='ocrx_word' id='word_1_312' title='bbox 1039 3576 1072 3640; x_wconf 95' lang='lat' dir='ltr'>in</span> <span class='ocrx_word' id='word_1_313' title='bbox 1096 3568 1272 3671; x_wconf 77' lang='lat' dir='ltr'>sympathia</span> <span class='ocrx_word' id='word_1_314' title='bbox 1297 3570 1376 3671; x_wconf 78' lang='lat' dir='ltr'>saepe</span> <span class='ocrx_word' id='word_1_315' title='bbox 1396 3568 1621 3645; x_wconf 65' lang='lat' dir='ltr'>stir’wmmm</span> <span class='ocrx_word' id='word_1_316' title='bbox 1655 3582 1831 3659; x_wconf 66' lang='lat' dir='ltr'>apparwrt</span> <span class='ocrx_word' id='word_1_317' title='bbox 1844 3585 1866 3639; x_wconf 68' lang='grc' dir='ltr'>,ἰ</span> 
     </span>
     <span class='ocr_line' id='line_1_33' title="bbox 450 3662 1864 3765; baseline -0.004 -27"><span class='ocrx_word' id='word_1_318' title='bbox 450 3689 490 3738; x_wconf 93' lang='lat' dir='ltr'>ut</span> <span class='ocrx_word' id='word_1_319' title='bbox 514 3693 572 3737; x_wconf 87' lang='lat' dir='ltr'>nos</span> <span class='ocrx_word' id='word_1_320' title='bbox 594 3670 779 3746; x_wconf 81' lang='lat' dir='ltr'>docuimus,</span> <span class='ocrx_word' id='word_1_321' title='bbox 803 3687 882 3765; x_wconf 86' lang='lat' dir='ltr'>pote</span> <span class='ocrx_word' id='word_1_322' title='bbox 903 3678 946 3737; x_wconf 91' lang='lat' dir='ltr'>in·</span> <span class='ocrx_word' id='word_1_323' title='bbox 962 3669 1214 3743; x_wconf 84' lang='lat' dir='ltr'>inflammatione</span> <span class='ocrx_word' id='word_1_324' title='bbox 1231 3666 1348 3742; x_wconf 87' lang='lat' dir='ltr'>cerebri</span> <span class='ocrx_word' id='word_1_325' title='bbox 1364 3668 1537 3762; x_wconf 70' lang='lat' dir='ltr'>singultus,</span> <span class='ocrx_word' id='word_1_326' title='bbox 1560 3665 1659 3733; x_wconf 86' lang='lat' dir='ltr'>com,</span> <span class='ocrx_word' id='word_1_327' title='bbox 1679 3671 1715 3729; x_wconf 88' lang='lat' dir='ltr'>in</span> <span class='ocrx_word' id='word_1_328' title='bbox 1732 3662 1864 3758; x_wconf 68' lang='lat' dir='ltr'>Aphorc</span> 
     </span>
     <span class='ocr_line' id='line_1_34' title="bbox 455 3756 1864 3865; baseline -0.001 -33"><span class='ocrx_word' id='word_1_329' title='bbox 455 3790 486 3856; x_wconf 84' lang='lat'>3.</span> <span class='ocrx_word' id='word_1_330' title='bbox 504 3759 561 3833; x_wconf 91' lang='lat' dir='ltr'>lib.</span> <span class='ocrx_word' id='word_1_331' title='bbox 582 3789 614 3848; x_wconf 90' lang='lat'>7.</span> <span class='ocrx_word' id='word_1_332' title='bbox 632 3768 678 3860; x_wconf 86' lang='lat' dir='ltr'>¹ln</span> <span class='ocrx_word' id='word_1_333' title='bbox 703 3767 954 3836; x_wconf 76' lang='lat' dir='ltr'>inflammatione</span> <span class='ocrx_word' id='word_1_334' title='bbox 976 3773 1085 3854; x_wconf 78' lang='lat' dir='ltr'>jecoris</span> <span class='ocrx_word' id='word_1_335' title='bbox 1109 3770 1287 3865; x_wconf 82' lang='lat' dir='ltr'>singultus,</span> <span class='ocrx_word' id='word_1_336' title='bbox 1310 3776 1345 3839; x_wconf 90' lang='lat' dir='ltr'>in</span> <span class='ocrx_word' id='word_1_337' title='bbox 1370 3765 1619 3837; x_wconf 74' lang='lat' dir='ltr'>inflammatione</span> <span class='ocrx_word' id='word_1_338' title='bbox 1644 3760 1723 3831; x_wconf 68' lang='lat' dir='ltr'>resti</span> <span class='ocrx_word' id='word_1_339' title='bbox 1741 3756 1864 3836; x_wconf 56' lang='lat' dir='ltr'>intestiz</span> 
     </span>
     <span class='ocr_line' id='line_1_35' title="bbox 452 3860 1859 4037; baseline -0.006 -104"><span class='ocrx_word' id='word_1_340' title='bbox 452 3867 483 3933; x_wconf 93' lang='lat' dir='ltr'>ni</span> <span class='ocrx_word' id='word_1_341' title='bbox 509 3862 707 3957; x_wconf 82' lang='lat' dir='ltr'>stranguria,</span> <span class='ocrx_word' id='word_1_342' title='bbox 730 3866 771 3932; x_wconf 88' lang='lat' dir='ltr'>in</span> <span class='ocrx_word' id='word_1_343' title='bbox 845 3869 1049 3964; x_wconf 85' lang='lat' dir='ltr'>&#39;pneumonia</span> <span class='ocrx_word' id='word_1_344' title='bbox 1075 3867 1245 3966; x_wconf 86' lang='lat' dir='ltr'>phrenitis,</span> <span class='ocrx_word' id='word_1_345' title='bbox 1270 3873 1304 3939; x_wconf 90' lang='lat' dir='ltr'>in</span> <span class='ocrx_word' id='word_1_346' title='bbox 1306 3865 1487 4037; x_wconf 80' lang='lat' dir='ltr'>pleuritide·</span> <span class='ocrx_word' id='word_1_347' title='bbox 1501 3862 1595 3931; x_wconf 90' lang='lat' dir='ltr'>dolor</span> <span class='ocrx_word' id='word_1_348' title='bbox 1619 3861 1666 3930; x_wconf 88' lang='lat' dir='ltr'>ad</span> <span class='ocrx_word' id='word_1_349' title='bbox 1686 3860 1859 3954; x_wconf 66' lang='lat' dir='ltr'>jugulum:</span> 
     </span>
     <span class='ocr_line' id='line_1_36' title="bbox 451 3953 1865 4062; baseline 0 -30"><span class='ocrx_word' id='word_1_350' title='bbox 451 3967 533 4032; x_wconf 81' lang='lat' dir='ltr'>Haec</span> <span class='ocrx_word' id='word_1_351' title='bbox 556 3968 664 4034; x_wconf 89' lang='lat' dir='ltr'>omnia</span> <span class='ocrx_word' id='word_1_352' title='bbox 689 3959 761 4034; x_wconf 92' lang='lat' dir='ltr'>sunt</span> <span class='ocrx_word' id='word_1_353' title='bbox 800 3969 1072 4062; x_wconf 84' lang='lat' dir='ltr'>upervenientium</span> <span class='ocrx_word' id='word_1_354' title='bbox 1097 3991 1232 4039; x_wconf 87' lang='lat' dir='ltr'>numero</span> <span class='ocrx_word' id='word_1_355' title='bbox 1248 3962 1466 4040; x_wconf 77' lang='lat' dir='ltr'>‘adnibenda</span> <span class='ocrx_word' id='word_1_356' title='bbox 1500 3968 1623 4032; x_wconf 82' lang='lat' dir='ltr'>mnone</span> <span class='ocrx_word' id='word_1_357' title='bbox 1652 3953 1865 4056; x_wconf 52' lang='lat' dir='ltr'>sympathi&amp;</span> 
     </span>
     <span class='ocr_line' id='line_1_37' title="bbox 453 4054 1863 4160; baseline 0.002 -33"><span class='ocrx_word' id='word_1_358' title='bbox 453 4056 591 4128; x_wconf 90' lang='lat' dir='ltr'>sednon</span> <span class='ocrx_word' id='word_1_359' title='bbox 617 4085 652 4133; x_wconf 87' lang='lat' dir='ltr'>ea</span> <span class='ocrx_word' id='word_1_360' title='bbox 676 4058 901 4159; x_wconf 83' lang='lat' dir='ltr'>superveniunt</span> <span class='ocrx_word' id='word_1_361' title='bbox 924 4060 1068 4160; x_wconf 78' lang='lat' dir='ltr'>semper,</span> <span class='ocrx_word' id='word_1_362' title='bbox 1101 4062 1151 4134; x_wconf 86' lang='lat' dir='ltr'>sod</span> <span class='ocrx_word' id='word_1_363' title='bbox 1182 4091 1288 4160; x_wconf 85' lang='lat' dir='ltr'>quum</span> <span class='ocrx_word' id='word_1_364' title='bbox 1321 4071 1503 4158; x_wconf 80' lang='lat' dir='ltr'>adaugetur</span> <span class='ocrx_word' id='word_1_365' title='bbox 1525 4060 1627 4131; x_wconf 77' lang='lat' dir='ltr'>affeffi</span> <span class='ocrx_word' id='word_1_366' title='bbox 1661 4109 1670 4126; x_wconf 84' lang='grc'><strong>.</strong></span> <span class='ocrx_word' id='word_1_367' title='bbox 1706 4055 1815 4146; x_wconf 55' lang='grc' dir='ltr'>ΟΜ)</span> <span class='ocrx_word' id='word_1_368' title='bbox 1831 4054 1863 4120; x_wconf 73' lang='lat' dir='ltr'>fi*</span> 
     </span>
     <span class='ocr_line' id='line_1_38' title="bbox 452 4152 1871 4253; baseline -0.004 -26"><span class='ocrx_word' id='word_1_369' title='bbox 452 4180 567 4227; x_wconf 86' lang='lat' dir='ltr'>vetum</span> <span class='ocrx_word' id='word_1_370' title='bbox 590 4158 658 4235; x_wconf 87' lang='lat' dir='ltr'>est,</span> <span class='ocrx_word' id='word_1_371' title='bbox 692 4185 757 4225; x_wconf 93' lang='lat' dir='ltr'>non</span> <span class='ocrx_word' id='word_1_372' title='bbox 795 4162 921 4253; x_wconf 79' lang='lat' dir='ltr'>possunt</span> <span class='ocrx_word' id='word_1_373' title='bbox 954 4183 1020 4227; x_wconf 92' lang='lat' dir='ltr'>non</span> <span class='ocrx_word' id='word_1_374' title='bbox 1053 4156 1390 4244; x_wconf 66' lang='lat' dir='ltr'>i&#39;mynduoamalum</span> <span class='ocrx_word' id='word_1_375' title='bbox 1414 4162 1608 4253; x_wconf 76' lang='lat' dir='ltr'>significare.</span> <span class='ocrx_word' id='word_1_376' title='bbox 1643 4152 1871 4244; x_wconf 33' lang='lat' dir='ltr'>Tament&#39;drtnz</span> 
     </span>
     <span class='ocr_line' id='line_1_39' title="bbox 453 4252 1860 4353; baseline -0.001 -30"><span class='ocrx_word' id='word_1_377' title='bbox 453 4256 504 4323; x_wconf 89' lang='lat' dir='ltr'>hic</span> <span class='ocrx_word' id='word_1_378' title='bbox 527 4258 673 4322; x_wconf 87' lang='lat' dir='ltr'>annotari</span> <span class='ocrx_word' id='word_1_379' title='bbox 697 4253 851 4350; x_wconf 76' lang='lat' dir='ltr'>possunt:</span> <span class='ocrx_word' id='word_1_380' title='bbox 877 4260 965 4349; x_wconf 82' lang='lat' dir='ltr'>ptius</span> <span class='ocrx_word' id='word_1_381' title='bbox 988 4256 1138 4347; x_wconf 86' lang='lat' dir='ltr'>quidem,</span> <span class='ocrx_word' id='word_1_382' title='bbox 1162 4252 1423 4334; x_wconf 60' lang='lat' dir='ltr'>ro&#39;t’wiyt&#39;mbaea,</span> <span class='ocrx_word' id='word_1_383' title='bbox 1455 4262 1490 4326; x_wconf 92' lang='lat' dir='ltr'>in</span> <span class='ocrx_word' id='word_1_384' title='bbox 1515 4252 1637 4329; x_wconf 79' lang='lat' dir='ltr'>bonam</span> <span class='ocrx_word' id='word_1_385' title='bbox 1661 4273 1793 4353; x_wconf 71' lang='lat' dir='ltr'>partem:</span> <span class='ocrx_word' id='word_1_386' title='bbox 1806 4275 1860 4324; x_wconf 82' lang='lat' dir='ltr'>ac-.</span> 
     </span>
     <span class='ocr_line' id='line_1_40' title="bbox 452 4348 1861 4450; baseline 0.001 -29"><span class='ocrx_word' id='word_1_387' title='bbox 452 4355 515 4450; x_wconf 74' lang='lat' dir='ltr'>cipi</span> <span class='ocrx_word' id='word_1_388' title='bbox 541 4351 642 4447; x_wconf 79' lang='lat' dir='ltr'>poffe:</span> <span class='ocrx_word' id='word_1_389' title='bbox 666 4349 819 4448; x_wconf 83' lang='lat' dir='ltr'>posterius</span> <span class='ocrx_word' id='word_1_390' title='bbox 842 4376 946 4421; x_wconf 90' lang='lat' dir='ltr'>unum</span> <span class='ocrx_word' id='word_1_391' title='bbox 971 4358 1006 4421; x_wconf 80' lang='lat' dir='ltr'>dc</span> <span class='ocrx_word' id='word_1_392' title='bbox 1030 4354 1112 4421; x_wconf 87' lang='lat' dir='ltr'>idem</span> <span class='ocrx_word' id='word_1_393' title='bbox 1137 4351 1238 4449; x_wconf 83' lang='lat' dir='ltr'>potest</span> <span class='ocrx_word' id='word_1_394' title='bbox 1261 4355 1324 4423; x_wconf 88' lang='lat' dir='ltr'>dici</span> <span class='ocrx_word' id='word_1_395' title='bbox 1347 4348 1537 4434; x_wconf 56' lang='grc' dir='ltr'>ἐπι-χωόμενοι</span> <span class='ocrx_word' id='word_1_396' title='bbox 1555 4405 1568 4435; x_wconf 83' lang='grc'><strong><em>,</em></strong></span> <span class='ocrx_word' id='word_1_397' title='bbox 1589 4357 1632 4427; x_wconf 88' lang='lat' dir='ltr'>ad</span> <span class='ocrx_word' id='word_1_398' title='bbox 1650 4354 1778 4426; x_wconf 79' lang='lat' dir='ltr'>mulum</span> <span class='ocrx_word' id='word_1_399' title='bbox 1801 4373 1861 4449; x_wconf 79' lang='lat' dir='ltr'>ap-</span> 
     </span>
     <span class='ocr_line' id='line_1_41' title="bbox 453 4444 1860 4553; baseline 0 -34"><span class='ocrx_word' id='word_1_400' title='bbox 453 4472 583 4551; x_wconf 83' lang='lat' dir='ltr'>patens,</span> <span class='ocrx_word' id='word_1_401' title='bbox 609 4454 644 4520; x_wconf 74' lang='grc' dir='ltr'>δι</span> <span class='ocrx_word' id='word_1_402' title='bbox 668 4450 708 4519; x_wconf 92' lang='lat' dir='ltr'>ad</span> <span class='ocrx_word' id='word_1_403' title='bbox 735 4444 888 4529; x_wconf 91' lang='lat' dir='ltr'>bonum,</span> <span class='ocrx_word' id='word_1_404' title='bbox 911 4446 1025 4521; x_wconf 87' lang='lat' dir='ltr'>habita</span> <span class='ocrx_word' id='word_1_405' title='bbox 1050 4455 1171 4522; x_wconf 83' lang='lat' dir='ltr'>ratione</span> <span class='ocrx_word' id='word_1_406' title='bbox 1195 4448 1343 4524; x_wconf 84' lang='lat' dir='ltr'>diversa.</span> <span class='ocrx_word' id='word_1_407' title='bbox 1379 4458 1482 4553; x_wconf 78' lang='lat' dir='ltr'>Qiod</span> <span class='ocrx_word' id='word_1_408' title='bbox 1505 4451 1650 4526; x_wconf 87' lang='lat' dir='ltr'>absolute</span> <span class='ocrx_word' id='word_1_409' title='bbox 1671 4449 1796 4523; x_wconf 87' lang='lat' dir='ltr'>bonum</span> <span class='ocrx_word' id='word_1_410' title='bbox 1821 4451 1860 4519; x_wconf 79' lang='lat' dir='ltr'>st·</span> 
     </span>
     <span class='ocr_line' id='line_1_42' title="bbox 452 4548 1862 4650; baseline 0.003 -34"><span class='ocrx_word' id='word_1_411' title='bbox 452 4581 477 4631; x_wconf 89' lang='lat'>·‚,</span> <span class='ocrx_word' id='word_1_412' title='bbox 500 4551 658 4643; x_wconf 84' lang='lat' dir='ltr'>gnificct,</span> <span class='ocrx_word' id='word_1_413' title='bbox 684 4568 769 4646; x_wconf 86' lang='lat' dir='ltr'>patet</span> <span class='ocrx_word' id='word_1_414' title='bbox 791 4572 838 4618; x_wconf 78' lang='lat' dir='ltr'>ex·</span> <span class='ocrx_word' id='word_1_415' title='bbox 856 4548 1052 4650; x_wconf 82' lang='lat' dir='ltr'>Aphoristno</span> <span class='ocrx_word' id='word_1_416' title='bbox 1082 4576 1110 4620; x_wconf 88' lang='lat'>1.</span> <span class='ocrx_word' id='word_1_417' title='bbox 1130 4548 1187 4647; x_wconf 86' lang='lat' dir='ltr'>lib.</span> <span class='ocrx_word' id='word_1_418' title='bbox 1208 4560 1240 4621; x_wconf 76' lang='lat'>6.</span> <span class='ocrx_word' id='word_1_419' title='bbox 1268 4555 1306 4623; x_wconf 88' lang='lat' dir='ltr'>in</span> <span class='ocrx_word' id='word_1_420' title='bbox 1330 4556 1427 4649; x_wconf 83' lang='lat' dir='ltr'>longo</span> <span class='ocrx_word' id='word_1_421' title='bbox 1451 4557 1515 4626; x_wconf 80' lang='lat' dir='ltr'>aivi</span> <span class='ocrx_word' id='word_1_422' title='bbox 1537 4557 1652 4625; x_wconf 66' lang='lat' dir='ltr'>lavore</span> <span class='ocrx_word' id='word_1_423' title='bbox 1674 4551 1862 4622; x_wconf 68' lang='lat' dir='ltr'>ruer-usati»</span> 
     </span>
     <span class='ocr_line' id='line_1_43' title="bbox 452 4644 1871 4752; baseline 0.005 -38"><span class='ocrx_word' id='word_1_424' title='bbox 452 4670 474 4728; x_wconf 60' lang='grc' dir='ltr'>ς,</span> <span class='ocrx_word' id='word_1_425' title='bbox 498 4650 558 4717; x_wconf 81' lang='lat' dir='ltr'>dns</span> <span class='ocrx_word' id='word_1_426' title='bbox 574 4652 631 4742; x_wconf 89' lang='lat' dir='ltr'>qui</span> <span class='ocrx_word' id='word_1_427' title='bbox 695 4652 744 4718; x_wconf 86' lang='lat' dir='ltr'>ius</span> <span class='ocrx_word' id='word_1_428' title='bbox 768 4674 833 4718; x_wconf 93' lang='lat' dir='ltr'>non</span> <span class='ocrx_word' id='word_1_429' title='bbox 857 4671 925 4721; x_wconf 88' lang='lat' dir='ltr'>erat</span> <span class='ocrx_word' id='word_1_430' title='bbox 943 4648 1179 4752; x_wconf 66' lang='lat' dir='ltr'>superveniens,</span> <span class='ocrx_word' id='word_1_431' title='bbox 1203 4649 1465 4740; x_wconf 71' lang='lat' dir='ltr'>bonum.iNam</span> <span class='ocrx_word' id='word_1_432' title='bbox 1489 4659 1528 4723; x_wconf 81' lang='lat' dir='ltr'>dc</span> <span class='ocrx_word' id='word_1_433' title='bbox 1548 4655 1659 4724; x_wconf 75' lang='lat' dir='ltr'>malut-</span> <span class='ocrx_word' id='word_1_434' title='bbox 1675 4675 1730 4752; x_wconf 85' lang='lat' dir='ltr'>pet</span> <span class='ocrx_word' id='word_1_435' title='bbox 1753 4644 1804 4730; x_wconf 70' lang='lat' dir='ltr'>se·</span> <span class='ocrx_word' id='word_1_436' title='bbox 1827 4655 1871 4721; x_wconf 71' lang='lat'>&amp;1-</span> 
     </span>
     <span class='ocr_line' id='line_1_44' title="bbox 451 4743 1860 4851; baseline -0.001 -33"><span class='ocrx_word' id='word_1_437' title='bbox 451 4771 489 4818; x_wconf 87' lang='lat' dir='ltr'>ex</span> <span class='ocrx_word' id='word_1_438' title='bbox 512 4766 629 4816; x_wconf 86' lang='lat' dir='ltr'>eventu</span> <span class='ocrx_word' id='word_1_439' title='bbox 700 4770 760 4817; x_wconf 89' lang='lat' dir='ltr'>nus</span> <span class='ocrx_word' id='word_1_440' title='bbox 783 4743 960 4834; x_wconf 86' lang='lat' dir='ltr'>judicatur.</span> <span class='ocrx_word' id='word_1_441' title='bbox 988 4756 1089 4846; x_wconf 81' lang='lat' dir='ltr'>Qud</span> <span class='ocrx_word' id='word_1_442' title='bbox 1113 4756 1137 4821; x_wconf 83' lang='lat' dir='ltr'>st</span> <span class='ocrx_word' id='word_1_443' title='bbox 1159 4756 1466 4851; x_wconf 74' lang='lat' dir='ltr'>explicareanimut.</span> <span class='ocrx_word' id='word_1_444' title='bbox 1484 4752 1591 4834; x_wconf 67' lang='lat' dir='ltr'>esset,</span> <span class='ocrx_word' id='word_1_445' title='bbox 1609 4748 1860 4822; x_wconf 76' lang='lat' dir='ltr'>firritnonedet:</span> 
     </span>
     <span class='ocr_line' id='line_1_45' title="bbox 452 4836 1897 4949; baseline 0.005 -38"><span class='ocrx_word' id='word_1_446' title='bbox 452 4849 532 4915; x_wconf 82' lang='lat' dir='ltr'>item</span> <span class='ocrx_word' id='word_1_447' title='bbox 557 4846 678 4943; x_wconf 83' lang='lat' dir='ltr'>Aphor.</span> <span class='ocrx_word' id='word_1_448' title='bbox 707 4868 758 4911; x_wconf 88' lang='lat'>11.</span> <span class='ocrx_word' id='word_1_449' title='bbox 786 4842 842 4915; x_wconf 76' lang='lat' dir='ltr'>lib:</span> <span class='ocrx_word' id='word_1_450' title='bbox 861 4859 892 4915; x_wconf 89' lang='lat'>6.</span> <span class='ocrx_word' id='word_1_451' title='bbox 911 4851 1035 4948; x_wconf 77' lang='lat' dir='ltr'>Apnor.</span> <span class='ocrx_word' id='word_1_452' title='bbox 1061 4874 1113 4939; x_wconf 84' lang='lat'>¹3·</span> <span class='ocrx_word' id='word_1_453' title='bbox 1134 4847 1193 4920; x_wconf 73' lang='lat' dir='ltr'>nn</span> <span class='ocrx_word' id='word_1_454' title='bbox 1212 4860 1244 4917; x_wconf 82' lang='lat'>6.</span> <span class='ocrx_word' id='word_1_455' title='bbox 1265 4843 1415 4949; x_wconf 70' lang='lat' dir='ltr'>aipitoris</span> <span class='ocrx_word' id='word_1_456' title='bbox 1436 4852 1701 4922; x_wconf 77' lang='lat' dir='ltr'>Haemorrhoides</span> <span class='ocrx_word' id='word_1_457' title='bbox 1722 4844 1767 4920; x_wconf 88' lang='lat' dir='ltr'>ab</span> <span class='ocrx_word' id='word_1_458' title='bbox 1791 4869 1869 4920; x_wconf 78' lang='lat' dir='ltr'>atto·</span> <span class='ocrx_word' id='word_1_459' title='bbox 1890 4836 1897 4851; x_wconf 65' lang='lat'>⁸</span> 
     </span>
    </p>
   </div>
   <div class='ocr_carea' id='block_1_3' title="bbox 449 4938 1863 5123">
    <p class='ocr_par' dir='ltr' id='par_1_3' title="bbox 449 4938 1863 5123">
     <span class='ocr_line' id='line_1_46' title="bbox 449 4938 1863 5116; baseline 0.007 -106"><span class='ocrx_word' id='word_1_460' title='bbox 449 4938 512 5015; x_wconf 86' lang='lat' dir='ltr'>bile</span> <span class='ocrx_word' id='word_1_461' title='bbox 537 4950 653 5017; x_wconf 78' lang='lat' dir='ltr'>vexatis</span> <span class='ocrx_word' id='word_1_462' title='bbox 677 4942 924 5042; x_wconf 80' lang='lat' dir='ltr'>supervenientes</span> <span class='ocrx_word' id='word_1_463' title='bbox 958 4943 1076 5020; x_wconf 84' lang='lat' dir='ltr'>bonae:</span> <span class='ocrx_word' id='word_1_464' title='bbox 1110 4955 1152 5021; x_wconf 81' lang='lat' dir='ltr'>Et</span> <span class='ocrx_word' id='word_1_465' title='bbox 1186 4949 1309 5044; x_wconf 79' lang='lat' dir='ltr'>Aphot.</span> <span class='ocrx_word' id='word_1_466' title='bbox 1325 4971 1393 5060; x_wconf 27' lang='lat'>⁴13..</span> <span class='ocrx_word' id='word_1_467' title='bbox 1413 4944 1471 5018; x_wconf 92' lang='lat' dir='ltr'>lib.·</span> <span class='ocrx_word' id='word_1_468' title='bbox 1495 4956 1527 5018; x_wconf 89' lang='lat'>6.</span> <span class='ocrx_word' id='word_1_469' title='bbox 1546 4943 1863 5116; x_wconf 42' lang='lat' dir='ltr'>Stcmutatiolgrltlsper·</span> 
     </span>
     <span class='ocr_line' id='line_1_47' title="bbox 1686 5069 1733 5123; baseline 0 0"><span class='ocrx_word' id='word_1_470' title='bbox 1686 5069 1733 5123; x_wconf 62' lang='lat' dir='ltr'>W!</span> 
     </span>
    </p>
   </div>
   <div class='ocr_carea' id='block_1_4' title="bbox 0 0 2294 5844">
    <p class='ocr_par' dir='ltr' id='par_1_4' title="bbox 0 0 2294 5844">
     <span class='ocr_line' id='line_1_48' title="bbox 0 0 2294 5844; baseline 0 0"><span class='ocrx_word' id='word_1_471' title='bbox 0 0 2294 5844; x_wconf 95' lang='lat' dir='ltr'> </span> 
     </span>
    </p>
   </div>
  </div>
 </body>
</html>
