4534 5850
573 498 643 563 204
720 450 723 455 ’
825 462 1187 542 enirm.
1240 460 1630 535 introivit

996 760 998 765 -
1121 709 1312 779 Tou

525 970 528 979 .
598 901 770 978 1At0¹z
795 911 920 1006 proprie
938 906 1087 977 volvulus
1100 902 1144 973 est
1162 920 1220 974 aut
1238 905 1438 977 inflammato
1454 905 1601 977 intestino
1616 951 1629 986 ,
1663 923 1722 978 aut
1738 908 1853 981 ricottis
1874 913 1936 984 fcr-

613 1002 722 1085 tibus,
746 1029 803 1076 aut
820 1003 864 1074 ob
881 1001 1155 1084 obstrusiionem,
1186 1005 1269 1074 hanc
1286 1013 1371 1104 parit
1391 1004 1505 1075 crassus
1522 1001 1720 1174 frigidusque
1736 1009 1856 1081 humor
1872 1034 1933 1082 aut

518 1108 626 1178 acidus
643 1100 847 1200 salsusve'qui
871 1113 905 1175 δι
930 1103 1142 1197 stranguriam
1171 1107 1281 1199 parit,
1316 1105 1389 1174 hinc
1415 1106 1538 1204 Aphor.
1558 1130 1616 1189 44.
1635 1106 1656 1174 li
1682 1158 1691 1173 .
1714 1113 1747 1177 6.
1771 1113 1875 1199 Queis
1893 1136 1933 1181 ex

517 1203 676 1276 stillicidio
704 1209 804 1275 urinae
827 1206 931 1283 ileus,
964 1209 1025 1272 &c
1046 1196 1154 1273 Nescit
1179 1202 1261 1296 quid
1285 1196 1436 1298 sequatur
1462 1204 1535 1272 Gal.
1555 1207 1763 1302 Hippocrates
1788 1210 1852 1279 illic
1880 1213 1932 1280 ilci
2026 1250 2027 1255 κ

518 1298 672 1382 cauum,
697 1309 732 1374 δι
748 1309 942 1373 curationem
956 1303 1064 1372 docet.
1091 1296 1251 1380 Cauftm,
1275 1325 1382 1397 quum
1401 1302 1585 1399 stranguria
1601 1309 1744 1375 meminit
1763 1357 1773 1375 .
1807 1309 1928 1379 Eadem

518 1406 670 1482 materia,
694 1404 766 1471 loeo
779 1401 952 1482 distincta,
978 1420 1157 1495 utrumque
1178 1394 1332 1471 morbum
1361 1406 1469 1501 parit.
1506 1404 1597 1472 Nam
1617 1406 1649 1473 in
1667 1405 1765 1475 vesica
1784 1404 1931 1501 litargu-

516 1503 600 1571 riam
619 1506 721 1598 parit,
744 1502 855 1570 eadem
871 1509 905 1569 in
920 1500 1064 1570 intestina
1081 1500 1228 1570 translata
1252 1501 1449 1572 volvulum.
1485 1499 1683 1596 stranguria·
1700 1498 1793 1574 causa
1814 1509 1931 1602 pituita

515 1593 595 1669 salsa
610 1602 736 1671 acidave
753 1599 797 1669 est
813 1619 870 1669 aur
885 1605 918 1669 in
935 1617 1022 1698 parte
1036 1599 1187 1676 colleAEia,
1213 1616 1271 1667 aut
1285 1622 1305 1667 a
1321 1595 1450 1670 cerebro
1468 1596 1594 1696 illapsi,
1619 1602 1693 1670 hinc
1712 1607 1852 1701 Hippot.
1869 1601 1925 1673 lib.

517 1697 558 1766 de
578 1698 695 1767 Gland.
714 1700 826 1769 docens
844 1721 919 1794 quae
936 1693 1107 1792 sequantur
1125 1691 1306 1794 prolapsum
1322 1701 1444 1796 pituitae
1461 1721 1480 1769 e
1499 1703 1726 1809 capite,·inter
1741 1722 1842 1772 cetera
1865 1727 1932 1772 me-

518 1802 615 1864 minit
631 1797 751 1868 voivuli
768 1801 940 1867 diuturni·
973 1799 1211 1873 Curationem,
1244 1820 1348 1889 quum
1370 1795 1465 1869 febris
1486 1775 1685 1869 mentio‘lit.
1713 1803 1800 1871 Nam
1816 1802 1940 1882 necesse¹

518 1894 618 1964 adesse
633 1890 749 1965 febrem
766 1898 777 1979 (
797 1898 886 1991 quod
905 1896 986 1965 male
1001 1914 1097 1990 negat
1115 1894 1428 1996 Fuchfius⁴deceptus
1447 1893 1546 1970 verbo
1567 1892 1775 1985 aminon.)
1801 1903 1891 1971 Nam
1908 1903 1930 1968 ti

519 1987 615 2062 febris
631 1996 764 2086 analoga
778 1997 815 2064 lit
829 1998 987 2073 materia,
1011 1998 1144 2088 coquit,
1168 1996 1312 2064 mirificat
1333 2044 1341 2063 .
1376 1997 1446 2065 Nisi
1461 2000 1535 2088 quis
1551 1997 1635 2061 dicat
1650 1999 1801 2091 pituitam
1822 1994 1932 2069 sarisam

519 2090 624 2162 calore
640 2087 743 2163 febrili
763 2095 868 2165 adhuc
883 2097 954 2163 acui
972 2099 1007 2164 δι
1025 2097 1144 2164 esl'erari
1164 2144 1172 2160 .
1208 2094 1382 2164 Notandus
1403 2111 1510 2163 autern
1536 2093 1587 2161 hic
1613 2091 1702 2162 locus
1717 2092 1761 2161 est
1775 2117 1845 2187 quo
1863 2121 1932 2165 me-

520 2194 615 2259 minit
631 2194 680 2261 ilei
695 2195 855 2272 diuturni,
879 2216 985 2288 quum
1002 2194 1080 2263 ileus
1095 2217 1159 2262 non
1174 2193 1212 2260 fit
1235 2190 1399 2262 chronicus
1424 2186 1557 2261 morbus
1574 2237 1585 2272 ,
1619 2185 1668 2258 fed
1686 2215 1704 2260 e
1724 2214 1834 2285 genere
1852 2219 1933 2263 acu-

521 2309 651 2360 torum.
676 2296 750 2362 Hoc
764 2314 872 2363 autem
898 2286 1099 2365 unstrout·
1122 2291 1191 2361 est.
1226 2295 1275 2361 Ac
1306 2293 1399 2361 simili
1421 2291 1574 2387 loquendi
1589 2289 1687 2357 modo
1701 2293 1856 2388 Hippocr.
1875 2313 1934 2363 aut

518 2397 718 2484 quicumque
732 2387 866 2490 scripsit,
891 2389 998 2460 statuit
1013 2391 1165 2487 triplicem
1181 2389 1370 2469 volvulum,
1396 2415 1501 2461 unum
1520 2389 1688 2459 hiemalem
1704 2411 1809 2483 quum
1822 2393 1932 2486 plum-

520 2481 582 2557 bea
600 2486 691 2558 facies
705 2490 779 2560 est:
813 2495 948 2562 alterum
973 2509 1138 2558 arcuatum
1153 2494 1189 2557 &
1207 2489 1296 2558 velut
1322 2488 1492 2559 aestivum:
1524 2491 1671 2556 Tertium
1691 2488 1878 2558 hnmatitem
1896 2496 1930 2561 δι

519 2591 763 2656 autumnalem.
789 2589 881 2650 Εἵλιῦ
903 2588 969 2654 haec
987 2589 1114 2680 propria
1132 2578 1343 2660 σπμωὸρῇα.
1368 2584 1584 2666 xantonense
1609 2584 1762 2652 aslirluam
1781 2592 1931 2657 vomitio-

518 2706 593 2755 nem
611 2685 723 2753 affecto
739 2706 792 2750 ore
807 2681 975 2751 ventriculi
991 2705 1009 2747 a
1027 2701 1125 2773 pravo
1146 2679 1281 2745 humore
1303 2679 1456 2770 significat
1474 2681 1662 2777 Hippocrati
1678 2688 1709 2750 in
1729 2685 1843 2756 Coacis
1860 2684 1932 2758 scri-

518 2775 628 2861 benti,
653 2781 680 2843 oi
695 2773 862 2856 iovyyddirf
877 2771 990 2863 nuperos*
1007 2776 1032 2855 b*
1051 2770 1109 2838 cino
1125 2772 1234 2852 ἀλσῶν,
1260 2783 1285 2859 b
1301 2769 1373 2851 tarni
1386 2769 1493 2854 infor,
1518 2772 1664 2867 o'nr'bpm,
1689 2774 1788 2851 febres
1805 2791 1932 2880 vertigi.

521 2873 603 2950 nosae
620 2884 653 2948 δι
670 2898 743 2947 cum
765 2877 848 2957 ileis,
874 2879 907 2947 ἃ
933 2875 995 2943 fine
1011 2875 1075 2943 ileis
1095 2866 1304 2972 perniciosa.
1331 2879 1449 2974 Quum
1467 2876 1689 2971 vertiginosam
1712 2877 1830 2953 febrem
1856 2886 1932 2955 dicit

520 2978 585 3046 fine
604 2980 681 3056 ileo,
706 2979 891 3069 vertiginem
906 2997 963 3073 per
999 2976 1139 3071 ropriam
1153 2968 1271 3043 cerebri
1290 2978 1484 3046 affectionem
1503 2980 1623 3047 indicat
1643 3004 1662 3048 a
1686 2984 1880 3055 circumastu
1897 2992 1932 3055 dc

519 3078 699 3146 inordinata
712 3076 937 3149 convolutione
958 2999 1125 3171 (pbrituum
1141 3096 1159 3142 a
1176 3068 1287 3171 spiritu
1306 3076 1490 3144 flatulento.
1518 3080 1634 3168 Quum
1652 3077 1878 3172 vertiginostm
1890 3081 1935 3153 se-

520 3170 611 3245 brem
632 3163 706 3247 cum
727 3178 787 3245 ileo
800 3177 904 3253 dicit,
935 3167 979 3242 ab
1003 3173 1167 3242 affcctione
1194 3175 1357 3241 ventriculi
1379 3177 1442 3272 per
1459 3168 1728 3242 consensum'fien
1758 3175 1909 3272 intelligit
1921 3231 1933 3263 ,

520 3274 597 3344 hinc
617 3282 740 3369 vertigo
756 3277 808 3345 illa
833 3266 992 3349 rmo'sn,
1017 3276 1143 3371 proprie
1162 3294 1226 3338 non
1250 3265 1371 3343 ainaldo
1394 3274 1456 3340 dici
1472 3266 1613 3349 deberet,
1638 3291 1675 3341 ut
1689 3296 1847 3370 quacum
1860 3303 1933 3347 car.

522 3373 654 3469 diogmo
664 3381 698 3445 δι
709 3370 823 3445 nausea
835 3372 1003 3460 conjuncta
1019 3375 1077 3450 srt,
1101 3387 1253 3468 concepto
1267 3372 1299 3436 in
1317 3392 1371 3438 ore
1387 3370 1554 3441 ventriculi
1569 3374 1673 3447 virio,
1695 3373 1781 3440 unde
1795 3400 1934 3446 vomen-

523 3475 558 3542 di
577 3474 756 3544 alliduitas.
785 3478 878 3543 Hanc
897 3490 1004 3540 autem
1019 3474 1136 3540 indicat
1153 3472 1279 3540 nomine
1303 3452 1327 3531 ἶ
1346 3463 1439 3546 tntu,
1461 3470 1551 3562 quod
1570 3472 1602 3536 in
1617 3469 1705 3538 iliaca
1720 3471 1857 3567 paffione
1871 3503 1935 3550 vo.

525 3577 625 3644 mitus
642 3573 740 3643 adesse
758 3567 874 3641 solem:
900 3573 1005 3637 lmmo
1023 3574 1075 3640 vix
1089 3573 1128 3637 sit
1145 3568 1298 3639 volvulus
1311 3567 1374 3635 sine
1393 3572 1587 3648 vomitione,
1611 3587 1668 3636 aut
1685 3573 1835 3640 vomendi
1854 3576 1933 3645 defi-

526 3673 632 3737 derio.
659 3673 741 3738 Sunt
756 3674 814 3762 qui
833 3671 943 3736 dicant
959 3664 1118 3734 funestum
1132 3672 1197 3749 jam
1212 3664 1270 3732 eise
1285 3665 1457 3734 volvulum
1470 3690 1575 3759 quum
1591 3671 1778 3739 vomitiones
1794 3669 1928 3744 adsunt.

526 3769 628 3859 Qud
642 3791 662 3835 a
678 3790 752 3836 vero
766 3767 906 3834 alienum
923 3764 1067 3833 videtur.
1095 3764 1234 3831 Galenus
1244 3780 1348 3830 tamen
1364 3765 1397 3830 in
1408 3785 1444 3831 ea
1454 3763 1497 3832 est
1513 3768 1680 3861 opinione3
1708 3771 1743 3835 ln
1762 3770 1829 3839 ileis
1846 3773 1930 3863 (ait)

527 3867 572 3936 nil
591 3867 631 3935 ad
650 3861 797 3934 inferiora
815 3860 992 3934 descendit.
1019 3865 1059 3931 Et
1079 3862 1141 3930 ltoc
1156 3862 1282 3955 lignum
1299 3858 1447 3954 estquod
1468 3857 1600 3959 separari
1617 3889 1679 3933 non
1701 3866 1826 3962 potest.
1863 3873 1930 3940 Vo-

526 3968 627 4035 mitus
642 3984 748 4036 autern
769 3991 835 4036 non
852 3958 970 4061 semper
985 3959 1091 4038 adest,
1116 3956 1167 4030 sed
1175 3983 1282 4055 quum
1292 3961 1431 4030 exitiales
1440 3956 1528 4029 sunt.
1554 3964 1677 4034 Contra
1697 3976 1849 4043 tamenin
1863 3972 1931 4066 ple-

527 4059 630 4155 risque
646 4086 777 4163 apparet
793 4116 800 4132 .
827 4069 942 4157 ltaque
956 4086 1020 4128 non
1042 4061 1219 4158 simpliciter
1234 4061 1404 4129 dicendum
1431 4065 1571 4131 vomitus
1596 4061 1679 4131 adest
1690 4087 1801 4158 quum
1817 4069 1928 4137 exitia-

527 4160 570 4229 les
589 4154 681 4237 sunt,
706 4158 755 4229 sed
774 4164 914 4231 vomitus
931 4149 1084 4225 stercoris.
1109 4157 1218 4252 Atque
1236 4163 1281 4225 ita
1297 4159 1467 4249 legendum
1488 4160 1543 4227 esse
1558 4161 1675 4254 colligo
1691 4187 1730 4231 en
1743 4164 1849 4233 coelem
1860 4169 1928 4236 Ga-

528 4258 603 4327 leno
618 4260 746 4327 Comm.
762 4262 795 4324 in
815 4257 939 4351 Aphor.
959 4280 1016 4338 44.
1036 4248 1091 4319 lib.
1109 4262 1142 4319 6.
1163 4258 1202 4321 ln
1217 4254 1304 4330 ileo,
1329 4261 1395 4330 ait,
1420 4258 1465 4323 nil
1485 4251 1615 4326 recedit.
1655 4265 1803 4331 Vomitus
1820 4286 1928 4336 autem

526 4354 667 4426 stercoris
681 4354 764 4424 adest
784 4402 807 4433 ‚.
827 4376 934 4447 quum
954 4352 1120 4419 exitialiter
1142 4345 1173 4420 se
1197 4346 1317 4420 liabent
1341 4359 1444 4445 agri.
1480 4357 1528 4426 Sic
1551 4358 1651 4428 dicere
1675 4361 1838 4459 possumus
1862 4389 1928 4435 non

527 4477 655 4525 ornnem
672 4456 827 4527 vomitum
848 4456 880 4521 in
894 4450 982 4519 iliaca
996 4448 1133 4547 paffione
1148 4456 1317 4550 perniciem
1332 4453 1517 4546 significare,
1541 4451 1591 4527 sed
1601 4479 1656 4528 aut
1667 4484 1773 4555 quum
1782 4458 1931 4558 frequen-

528 4560 593 4624 tior
609 4554 671 4633 est,
697 4573 754 4622 aut
769 4576 873 4649 quum
890 4547 1055 4621 faeculenn
1069 4545 1258 4647 chylosaque
1273 4556 1404 4622 materia
1430 4560 1604 4626 excernitur
1650 4582 1674 4625 ²r
1690 4582 1749 4627 os.
1785 4561 1877 4636 Nam
1895 4569 1927 4634 in

440 4734 447 4745 Ι
527 4653 618 4752 prola
642 4647 675 4721 su
695 4652 830 4721 intestini
847 4650 933 4723 facile
946 4653 1122 4721 excitantur
1139 4656 1352 4732 vomitiones,
1386 4658 1420 4724 δι
1450 4655 1501 4724 lrae
1523 4680 1587 4723 non
1623 4678 1683 4726 unt
1703 4656 1831 4731 funesta
1853 4690 1876 4744 :¹
1896 4668 1937 4733 in·

359 4765 364 4775 '
529 4751 600 4821 aliis
618 4677 699 4821 forte
711 4752 762 4821 ilci
776 4747 934 4850 speciebus
944 4754 1086 4847 perniciei
1104 4752 1420 4847 aliquiddefignant.
1447 4757 1557 4848 Atque
1571 4759 1614 4823 ira
1631 4780 1748 4827 nomen
1773 4757 1850 4824 olari
1872 4783 1927 4856 ge.

526 4850 663 4919 neralius
679 4854 775 4951 accipi
794 4853 919 4949 potest,
945 4875 1005 4949 pro
1020 4848 1169 4922 facilitate
1187 4854 1227 4921 ad
1245 4852 1466 4921 vomendum.
1503 4855 1582 4920 ltem
1606 4879 1665 4950 pro
1687 4855 1928 4930 vehementibus

524 4944 688 5025 doloribus
703 4946 870 5048 inquibus
887 4950 1036 5025 convolui
1054 4949 1198 5023 intestina
1215 4966 1387 5047 putantur,
1412 4973 1486 5019 cum
1505 4955 1662 5027 norurullis
1678 4956 1931 5040 vomitionibus,

1790 5074 1828 5125 ut
1840 5063 1884 5140 in.¹
