4534 5850
570 489 621 560 40
772 461 1756 549 vtuirstnsotutuu'·⁴

569 635 703 714 Rheum
725 631 900 710 barbaram
916 655 973 707 aut
998 636 1108 705 similia
1123 604 1335 734 praescribunt
1345 607 1489 729 plerique
1507 609 1598 699 initio
1614 619 1821 708 morborum,
1838 630 1942 704 unm

382 753 491 816 aben·
519 740 626 836 'quum
644 734 766 810 summa
779 733 956 807 obstructio
972 733 1032 804 eli:
1057 759 1098 804 an
1113 734 1173 805 hoe
1189 732 1355 801 commode
1371 732 1426 800 fit?
1450 729 1686 821 Nequaquam.
1714 728 1801 798 Nam
1818 731 1944 801 malum

352 833 408 912 ⁸5st
437 840 494 901 rite
518 855 712 933 exaugetm.
738 839 860 908 Tamen
897 836 1005 904 uidam
1018 857 1056 903 ex
1079 825 1270 901 noliratibus
1289 829 1382 899 aliam
1409 829 1563 897 rationem
1579 826 1695 908 utendi
1713 824 1790 894 rheo
1804 819 1944 900 barbaro

347 929 486 1020 ΜΨ·
520 938 683 1019 innocue,
715 942 751 1006 δι
767 939 846 1014 citra
866 961 889 1004 o
912 932 1091 1003 struffionis
1114 946 1326 1024 augmentum
1342 929 1618 1019 excogitaverunt.
1649 925 1806 994 Maoerari
1829 921 1946 1015 jubent

353 1008 419 1063 Μ
446 1020 492 1068 '⁸'
519 1035 650 1108 taleolas
664 1028 851 1106 ritabarbari
869 1037 903 1103 in
916 1027 971 1101 lib.
996 1038 1016 1118 j.
1028 1054 1141 1125 aquae,
1166 1030 1278 1097 additis
1290 1029 1536 1096 cirmamomo&
1550 1023 1693 1123 pallulis.
1721 1027 1834 1112 Dera
1857 1049 1945 1122 aqna

346 1081 463 1232 {fra-⁸⁸
517 1135 627 1206 uncias
648 1128 700 1206 sex
712 1153 770 1205 aut
785 1132 860 1203 οᾶο
884 1127 1039 1230 prebent.
1065 1123 1144 1198 Tale
1158 1127 1325 1196 decoctum
1342 1128 1410 1209 viat
1424 1129 1458 1194 δι
1475 1143 1617 1206 ηιατυς,
1639 1117 1861 1218 anfraeiosque
1877 1150 1947 1197 me-

370 1185 454 1244 W‘
515 1227 638 1304 senterii
651 1231 741 1304 facile
813 1250 913 1311 urat,
938 1254 993 1299 nee
1020 1252 1058 1299 eo
1074 1227 1169 1296 modo
1186 1219 1322 1294 obstruit
1329 1273 1341 1307 ,
1366 1248 1435 1319 quo
1452 1228 1639 1316 quum'ejus
1653 1222 1827 1320 expressum
1844 1225 1944 1322 parva

425 1400 428 1405 .
516 1335 726 1426 quantitatee
774 1327 895 1401 'berun
924 1333 965 1400 Et
977 1328 1041 1397 tale
1057 1324 1225 1397 de'eoeium
1238 1326 1368 1422 proficit
1386 1324 1564 1421 plurimum
1591 1325 1625 1391 in
1638 1324 1674 1392 iis
1691 1314 1812 1416 quibus
1828 1319 1946 1395 mestn..

515 1434 633 1509 terium
647 1425 849 1503 obstruerem
876 1427 919 1497 est
930 1475 941 1506 ‚
966 1428 1138 1518 &uligine
1150 1425 1299 1523 plenum.
1417 1459 1419 1462 v
1520 1453 1522 1457 ·
1609 1505 1611 1509 ι

565 1528 620 1597 Ad
639 1532 862 1628 purgationem
880 1549 1051 1626 puerorum
1074 1525 1158 1592 idem
1176 1520 1238 1593 fere
1251 1523 1413 1594 convenit.
1440 1522 1531 1592 Nam
1546 1523 1580 1589 in
1607 1542 1724 1614 magna
1739 1543 1835 1616 aqua
1851 1526 1944 1621 copia

513 1648 725 1705 maceratur,
750 1646 809 1696 aut
833 1620 923 1703 sena,
948 1643 1006 1693 aut
1029 1624 1163 1692 rheum:
1190 1621 1311 1692 Deinde
1325 1643 1363 1690 ex
1389 1643 1427 1690 ea
1442 1642 1527 1714 aqua
1565 1616 1676 1689 aratur
1691 1639 1752 1689 aut
1775 1620 1940 1691 demum

512 1722 610 1795 instar
633 1723 788 1834 ptissana,
802 1742 871 1798 ,aut
894 1724 991 1791 limile
1016 1722 1159 1815 aliquid:
1185 1721 1307 1790 Deinde
1322 1721 1455 1790 mirifico
1470 1644 1613 1816 proddiu
1638 1711 1851 1789 usuidatut.
1965 1773 1971 1785 .

533 1845 537 1852 ·
563 1823 683 1908 loanni
700 1826 885 1917 Formagaeo
898 1816 990 1890 febris
1002 1841 1177 1915 quartana.
1205 1823 1288 1889 Eum
1302 1819 1520 1888 diuturnitatis
1533 1810 1699 1914 pertaesum
1713 1815 1775 1886 est.
1806 1818 1858 1907 A'd
1872 1825 1953 1888 eam·

510 1915 730 2013 abigendam,
754 1924 986 2020 Empiricorum
1010 1919 1164 2007 consilio,
1188 1937 1336 2014 paratum
1352 1915 1542 1987 desiillatum
1570 1919 1647 1986 aceti
1671 1918 1704 1985 in
1717 1911 1873 1986 alambico
1890 1924 1944 1988 en-

511 2018 631 2100 nam,
654 2015 816 2088 infusionis
834 2022 921 2087 nricae
947 2021 1044 2087 unius
1058 2020 1165 2114 panis.
1192 2020 1302 2104 Hujus
1316 2017 1448 2109 liquoris
1472 2011 1621 2084 haustum
1642 2017 1779 2087 vomitus
1803 2014 1850 2083 est
1865 2011 1944 2085 mle.

511 2136 624 2186 cutus.
652 2112 756 2186 Febris
773 2118 914 2211 quievit.
940 2116 999 2186 Sed
1014 2111 1071 2183 isia
1084 2111 1177 2208 *quies
1195 2118 1229 2183 δι
1246 2109 1352 2193 fucata
1366 2111 1488 2182 collatio
1505 2120 1622 2203 majore
1636 2113 1789 2182 malorum
1804 2116 1945 2182 cumulo

510 2223 640 2308 ‘aegrum
653 2213 874 2323 locupletavit.
901 2216 991 2286 Nam
1006 2231 1114 2282 mum
1130 2233 1247 2310 eorpus
1271 2205 1371 2282 scabie
1389 2207 1541 2282 infeuun
1557 2210 1602 2282 cst
1622 2238 1632 2283 r
1657 2205 1764 2282 lbbias
1777 2204 1943 2281 insecuta:

510 2313 720 2384 articulorum
734 2314 872 2404 dolores,
898 2316 998 2382 immo
1014 2317 1048 2382 &
1067 2311 1206 2381 arthrisis
1216 2314 1232 2379 ·i
1256 2304 1304 2380 sa.
1332 2313 1381 2382 Sic
1395 2309 1527 2380 istorum
1553 2311 1714 2382 malorum
1730 2309 1942 2408 pullulatione

345 2461 347 2467 s
377 2459 387 2491 ·„
404 2372 435 2443 3'
510 2416 599 2580 nopit
614 2460 628 2501 ,
661 2417 775 2511 quanti
801 2409 914 2489 reserat
948 2413 1146 2487 contumacis
1177 2403 1220 2485 ob
1249 2413 1388 2508 'atique
1420 2403 1525 2480 morbi
1554 2405 1683 2483 nusum
1716 2413 1944 2509 interrumpere

513 2535 551 2582 ve
576 2535 611 2580 e.
893 2577 904 2589 ,
1320 2545 1324 2552 —

560 2611 631 2678 Cur
646 2610 788 2678 arthritis
805 2615 1009 2702 &quartana
1034 2608 1236 2676 Medicorum
1256 2608 1356 2700 vulgo
1379 2602 1520 2681 censitus
1535 2605 1768 2707 opprobrium?
1791 2609 1863 2678 Cur
1877 2612 1944 2677 med

373 2715 486 2778 urlan-
513 2705 679 2780 lancholici
698 2705 806 2774 edaces
819 2701 915 2775 suntr'
936 2705 1183 2773 Melaneholicos
1199 2704 1311 2807 pallim
1328 2707 1434 2776 edaces
1451 2705 1508 2774 elie
1528 2702 1647 2776 censuit
1664 2708 1824 2787 Galenus,
1848 2707 1949 2801 quod,

347 2796 448 2857 ‘Md
511 2825 530 2872 a
546 2825 677 2901 corpore
689 2803 774 2872 lierris
798 2805 913 2872 refluat
930 2825 985 2900 per
1002 2821 1057 2872 vat
1073 2797 1225 2874 venosum
1243 2807 1276 2872 in
1296 2816 1437 2874 ventrem
1454 2800 1558 2905 ipsum
1575 2801 1684 2876 lirocus
1701 2805 1945 2877 melancholicus

345 2878 448 3021 ’ξεῖ
509 2895 731 2980 acidiusculus,
756 2902 944 2999 proritardae
960 2905 1147 3000 appetentia
1168 2903 1445 2976 accommodatus.
1466 2903 1525 2974 Sed
1540 2908 1575 2974 δι
1591 2907 1654 2975 alia
1670 2908 1751 2976 ratio
1766 2905 1853 2975 reddi
1872 2923 1944 3005 pot-

346 2976 487 3104 ζὶω*
512 2998 556 3067 est
576 3044 587 3078 ,
611 2993 755 3069 cancrosa
773 2996 931 3096 dispositio
946 3005 979 3069 in
997 3003 1096 3071 liene:
1120 3020 1160 3072 ut
1177 2997 1298 3098 quibus
1317 3002 1378 3073 lien
1403 3008 1506 3100 putris
1520 3001 1564 3071 eli
1577 3009 1611 3074 δι
1631 3026 1725 3072 eorru
1787 3025 1822 3070 s.
1842 3007 1946 3074 Dua·

341 3124 459 3197 sm„
510 3090 573 3168 bus
594 3101 679 3167 enim
690 3098 730 3169 de
752 3100 849 3168 mulis
874 3094 921 3167 ilii
937 3093 1059 3171 sunt&
1073 3123 1198 3173 voraces
1210 3105 1246 3169 δι’
1258 3101 1381 3179 edaces,
1405 3120 1478 3167 tum
1499 3101 1588 3190 quod
1602 3099 1662 3165 lien
1686 3099 1716 3166 la
1761 3106 1878 3171 rans&
1897 3106 1948 3170 in.

243 3231 246 3240 ·
345 3208 378 3261 in
418 3230 487 3269 ven·
512 3198 625 3273 firmus
645 3221 710 3267 non
733 3194 856 3268 defeat
870 3221 986 3295 corpus
1000 3221 1020 3265 a
1036 3194 1125 3266 succo
1141 3196 1382 3272 melancholico,
1406 3213 1478 3262 tum
1506 3194 1596 3288 quod
1613 3191 1707 3267 instar
1730 3200 1833 3262 cancri
1846 3199 1952 3300 clepa.¹

345 3304 417 3349 Μ’
437 3306 487 3369 per
511 3289 618 3363 statur
636 3296 841 3366 alimentum.
869 3298 927 3365 sed
946 3297 971 3363 'ss
986 3296 1047 3363 hoc
1071 3317 1185 3366 verum
1202 3291 1265 3374 est,
1289 3317 1346 3363 cur
1369 3287 1489 3387 quibus
1519 3296 1552 3360 in
1577 3292 1729 3392 pulmone
1744 3290 1953 3389 ulcusclepa.

345 3389 401 3430 ‘⁰³⁸
425 3376 485 3435 Μ·
509 3387 593 3462 scens
612 3414 800 3494 conceptum
825 3392 888 3475 est,
912 3395 946 3465 hi
963 3395 1263 3465 melancholicorum
1296 3416 1383 3464 more
1404 3395 1483 3463 vitio
1510 3392 1597 3461 lienis
1613 3386 1853 3467 laborantium,
1879 3378 1953 3470 cibi

345 3472 383 3511 ν’
397 3455 484 3533 “fl‘'
510 3496 545 3562 de
560 3497 695 3591 potionis
709 3520 775 3565 non
799 3490 871 3565 sunt
884 3494 977 3568 valde
995 3509 1193 3595 appetentes?
1219 3494 1367 3567 Praelata
1392 3489 1544 3585 quaestion
1569 3492 1619 3560 De
1635 3493 1671 3560 iis
1695 3482 1815 3583 quibus
1840 3477 1944 3585 pu‘tris

345 3552 466 3683 :ms
488 3595 549 3665 ²&
564 3589 694 3662 vitiosus
707 3614 775 3660 erat
793 3596 871 3660 lien,
898 3600 934 3660 de
948 3595 1083 3661 edacitas
1100 3589 1226 3660 summa
1254 3612 1341 3665 erat,
1367 3609 1453 3682 patet
1467 3590 1612 3680 exemplo
1628 3587 1739 3657 Caroli
1765 3586 1797 3651 d'
1811 3588 1946 3658 Hermu

345 3717 458 3764 um
508 3686 539 3751 le
558 3686 766 3777 Palleaquaei,
792 3692 827 3757 δι
845 3687 976 3766 Joannis
990 3689 1181 3773 Formagaei‚
1205 3688 1257 3751 cui
1282 3689 1412 3774 utrique
1441 3688 1544 3777 putris
1567 3683 1728 3763 emelim,
1753 3687 1788 3751 δι
1806 3684 1948 3754 maciem·

339 3780 407 3877 lfa
433 3790 465 3852 ἐι
509 3781 556 3847 mi
570 3799 659 3849 erant
682 3826 689 3842 .
715 3781 786 3847 Nec
802 3772 844 3845 ab
866 3781 903 3844 iis
926 3778 1020 3869 longe
1033 3774 1121 3848 abeli
1147 3775 1299 3847 Doursaea
1324 3772 1454 3876 praset,
1478 3782 1590 3872 inqua
1620 3780 1702 3848 male
1726 3779 1829 3849 artem
1854 3783 1945 3853 lienis·

344 3863 486 3963 smilis·
510 3894 698 3970 argumenta
707 3868 888 3944 multasunt
908 3922 919 3953 ,
943 3875 1060 3952 accedit
1077 3880 1111 3945 &
1134 3874 1190 3943 ista
1199 3876 1287 3973 lupia
1308 3876 1663 3970 regionilienisadnata.
1691 3880 1946 3952 Melancholicoa'

342 3944 486 4026 'sim
508 3972 583 4043 ilios
597 3980 631 4044 dc
646 3974 734 4043 lienis
748 3975 827 4044 sitio
844 3969 1023 4042 laborantes
1038 3996 1216 4073 capparum
1233 3969 1308 4045 usus
1323 3981 1434 4069 juvat,
1460 3980 1495 4048 δε
1519 3980 1584 4049 vini
1601 3970 1676 4048 usus
1694 4002 1769 4049 eum
1786 4001 1866 4077 pane
1891 3985 1942 4050 in.

508 4068 623 4152 friato,
650 4079 685 4143 δι
704 4068 881 4141 oleastrum
898 4067 975 4141 usus
992 4095 1115 4143 rerum.
1799 4079 1801 4084 ⁴
1942 4099 1946 4106 ·

560 4171 615 4238 lsti
629 4172 745 4251 Joanni
764 4173 962 4262 Formagcw,
986 4171 1026 4239 cle
1049 4197 1117 4267 quo
1133 4168 1249 4269 supra,
1274 4177 1394 4243 mirum
1410 4177 1499 4269 q'uod
1511 4179 1658 4267 contigit.
1686 4178 1775 4246 Nam
1790 4176 1944 4275 derepen«

507 4286 540 4338 te
557 4262 600 4336 ab
613 4261 818 4337 anevrismate
835 4270 967 4337 interiit.
995 4272 1045 4339 De
1065 4295 1103 4341 eo
1119 4272 1257 4370 amplius
1269 4274 1390 4342 dicetur
1410 4276 1442 4340 in
1461 4274 1593 4343 hisloriis
1615 4272 1741 4343 nostris.

559 4366 686 4435 Ruzaeo
710 4366 844 4435 Cantori
863 4361 1042 4437 incredibile
1063 4372 1154 4466 quocl
1181 4373 1340 4464 contigit.
1368 4372 1455 4440 Pedia
1480 4374 1583 4471 pollex
1607 4374 1735 4451 doluit,
1761 4381 1795 4448 δι
1811 4373 1945 4444 inflam-

381 4556 384 4561 p
509 4467 610 4534 matio
627 4483 714 4541 erat,
738 4474 878 4558 moxque
898 4460 1043 4536 livescere
1079 4491 1128 4537 ars
1143 4464 1326 4541 videbatur.
1355 4469 1442 4540 lstud
1459 4468 1805 4567 negligebatur-initio,
1830 4494 1943 4561 quum

509 4568 592 4631 tanti
608 4560 666 4630 elle
688 4586 752 4630 non
777 4556 1031 4634 arbitrarentur.
1057 4494 1144 4637 bion
1158 4569 1276 4640 inradia
1291 4560 1380 4650 cutd,
1405 4570 1559 4667 n'ullaquc
1575 4565 1734 4639 manifesta
1759 4571 1941 4640 mutatione

506 4662 541 4725 in
559 4654 751 4756 superficiem
764 4664 935 4739 incidente,
960 4658 1122 4763 l'erpsrtlen
1142 4662 1317 4763 subtusque
1340 4670 1502 4739 cuniculos
1525 4672 1593 4761 egit
1604 4664 1725 4732 malum
1740 4710 1761 4744 ,,,
1776 4682 1939 4737 utomnes

512 4780 594 4855 pene
616 4759 756 4828 tendines
782 4765 817 4829 ὅ(
835 4756 978 4832 nervosas
1005 4788 1128 4862 partes,
1152 4792 1230 4860 quae
1250 4769 1314 4835 illic
1340 4771 1487 4862 plurimae
1506 4762 1602 4842 lime,
1624 4765 1813 4857 corruperit.
1840 4766 1936 4835 Tune

510 4879 617 4950 quum
639 4852 784 4955 septicam
801 4858 889 4926 istam
908 4860 1093 4952 qualitatem
1117 4867 1361 4955 malignumque
1386 4865 1552 4929 humorem
1579 4861 1843 4957 deprehenderent
1861 4867 1936 4934 Me.

509 4954 596 5036 dici,
620 4960 721 5035 cutim
745 4958 923 5033 recidetur
948 4956 1126 5063 profunde,
1151 4980 1194 5030 ut
1217 4965 1358 5059 putrenti
1383 4960 1512 5036 humori
1539 4966 1591 5041 via
1611 4979 1735 5068 pateret·
1752 5012 1763 5034 .,
1787 4965 1828 5029 Et
1843 4964 1940 5053 quod

957 5091 961 5103 “
1748 5082 1890 5148 minime
