4534 5850
672 451 1466 560 uscosivorsronrnussne⁴
1667 493 1733 560 sn

347 591 554 693 disputantur
578 642 591 675 ,
622 612 691 666 tam
716 617 791 666 uam
834 616 871 664 ex
914 584 1058 660 sontibus
1091 591 1193 662 rivuli
1221 587 1457 674 scaturiebant,
1493 587 1697 666 varietatem.
1721 595 1783 667 Di-

346 699 449 766 ximus
473 695 573 768 videri
596 619 764 795 probabile
778 711 816 762 ut
839 692 968 789 fimplex
986 696 1022 760 &
1042 682 1210 763 absolutus
1226 686 1391 761 consensus
1411 686 1502 764 causa
1526 690 1608 764 soret
1625 719 1686 767 cur
1705 712 1777 793 pars

343 797 489 892 opposta
509 817 610 890 eaque
626 788 702 866 fina
718 791 966 864 convelleretur.
994 792 1101 858 immo
1120 813 1190 883 quo
1215 792 1315 860 modo
1332 783 1472 860 resoluto
1499 789 1646 865 musculo
1668 815 1773 890 oppo·

344 895 407 962 fitae
420 901 520 992 partis
543 917 582 981 ex
594 914 710 968 eventu
727 892 920 965 convellitur
935 888 1063 958 alterius
1081 881 1215 960 adversa
1242 892 1340 985 partis
1364 886 1548 961 musculus:
1574 896 1615 962 stc
1637 891 1772 964 fortallis

342 1016 475 1086 :equum
491 987 617 1067 videtur
632 1013 669 1065 ut
685 988 824 1062 resoluta
842 1012 909 1057 una
924 981 1042 1057 cerebri
1057 1007 1147 1082 parte
1160 986 1261 1056 altera
1287 1009 1359 1083 pars
1382 985 1483 1059 cerebi
1506 988 1770 1065 illaesaconvella-

343 1110 415 1160 tur.
443 1096 569 1163 Dexrrae
583 1099 671 1163 enim
692 1096 727 1161 δι
742 1086 868 1158 finistrae
885 1106 988 1184 partes
1003 1103 1120 1157 mutuo
1138 1087 1180 1156 ad
1199 1078 1288 1156 suam
1298 1089 1482 1164 firmitatem
1489 1093 1686 1164 retinendam
1695 1117 1774 1162 conc

344 1184 481 1288 spirant.
509 1192 664 1271 tlt-dices:
690 1181 842 1258 resolutio
864 1186 921 1257 ista
944 1190 1124 1282 congeneris
1149 1179 1311 1265 musculi,
1335 1191 1418 1283 paris
1443 1180 1610 1258 robore&
1630 1187 1773 1274 viribus,

343 1292 540 1364 convellendi
555 1289 678 1358 occasio
702 1289 794 1358 alteri
809 1280 956 1356 musculo
978 1287 1129 1385 opposito
1151 1284 1286 1381 exsistit,
1309 1288 1343 1354 dt
1367 1288 1405 1354 id
1427 1289 1461 1355 in
1485 1282 1646 1358 musculos
1668 1293 1767 1371 cadit,

346 1413 404 1458 eur
426 1414 492 1460 non
509 1393 545 1458 δι
569 1395 605 1455 in
628 1380 749 1456 cerebri
772 1406 877 1487 partes
899 1413 922 1458 o
945 1388 1078 1486 pufitas,
1102 1382 1306 1483 nonquidem
1330 1387 1452 1457 ratione
1476 1387 1623 1458 medulla
1632 1384 1774 1470 cerebri,

345 1481 398 1556 sed
417 1493 538 1556 ratione
555 1491 589 1559 δι
609 1510 780 1559 nervorum
797 1490 831 1555 δι
847 1412 1130 1558 membranarum?
1155 1505 1195 1558 ut
1218 1509 1286 1582 qua
1310 1491 1433 1555 ratione
1450 1508 1485 1556 os
1512 1490 1682 1561 ventriculi
1701 1508 1777 1558 con-

348 1585 423 1659 velli
439 1587 557 1655 dicitur
572 1590 606 1655 in
624 1587 788 1681 singultu,
813 1587 885 1657 licet
905 1582 1071 1658 musculus
1091 1611 1156 1657 non
1176 1586 1239 1664 srt,
1257 1588 1303 1656 ita
1319 1580 1484 1656 cerebrum
1502 1589 1701 1659 convellatur
1712 1611 1779 1658 non

346 1685 480 1779 quidem
499 1703 605 1755 totum
614 1732 626 1765 ,
642 1681 693 1757 sed
706 1710 744 1758 ea
758 1709 830 1784 pars
846 1710 919 1782 quae
944 1680 1034 1757 illaesa
1051 1705 1120 1757 erat
1138 1733 1150 1763 ,
1173 1678 1311 1755 resoluta
1326 1685 1444 1755 altera.
1469 1689 1520 1756 Ut
1536 1694 1622 1757 enim
1640 1708 1780 1783 utraque

348 1806 420 1879 pars
444 1780 562 1855 cerebri
586 1789 620 1854 in
644 1811 727 1886 opus
751 1811 858 1858 unum
881 1781 1074 1885 conspirat,
1108 1788 1156 1855 ita
1178 1787 1240 1861 fit,
1266 1805 1306 1854 ut
1330 1808 1397 1853 una
1422 1787 1635 1857 intermortua
1663 1832 1674 1862 ‚
1708 1808 1779 1857 ten-

345 1885 445 1970 datur
461 1885 560 1956 altera
583 1888 871 1982 contrahaturque.
896 1887 991 1981 Quid
1012 1887 1109 1956 etiam
1132 1884 1285 1983 impediat
1310 1883 1333 1951 sr
1356 1884 1499 1954 dicamus
1523 1885 1712 1956 hicevenire
1738 1885 1773 1955 id

346 1984 440 2077 quod
458 1985 596 2055 diximus
611 2006 683 2056 ante
700 2010 739 2056 ex
753 1988 877 2058 Galeno
893 1988 975 2056 dum
989 1988 1096 2081 agitur
1113 1985 1153 2054 de
1175 1981 1378 2055 convulsione
1399 1979 1481 2049 raeci
1498 1988 1522 2047 l>
1543 1979 1736 2060 enuntiem
1762 2006 1774 2062 3

346 2083 422 2161 Fit,
446 2059 529 2166 aitvss'
543 2077 708 2159 convulsio
726 2110 834 2182 quum
856 2087 892 2158 id
914 2087 1007 2181 quod
1031 2079 1144 2155 sanum
1159 2083 1204 2154 est
1218 2078 1262 2155 ab
1277 2105 1317 2152 eo
1344 2085 1434 2178 quod
1459 2088 1651 2154 continuum
1666 2081 1711 2152 est
1728 2100 1778 2154 at·
1800 2112 1825 2169 3.
1836 2098 1870 2158 de
1888 2102 1941 2164 tre-,⁴

348 2181 514 2253 trahimr':
538 2184 590 2256 vel
613 2190 742 2266 etiam,
767 2181 878 2258 sanum
902 2186 1061 2257 attrahere
1086 2180 1170 2257 adse
1195 2184 1229 2253 id
1252 2182 1342 2278 quod
1360 2178 1476 2254 sanum
1494 2180 1617 2252 nonest
1641 2229 1652 2259 ,
1686 2189 1720 2254 δι
1744 2180 1779 2252 id
1798 2180 1917 2245 visust.

347 2303 386 2353 ex
409 2301 561 2363 eventu,
586 2288 665 2379 quia
688 2285 778 2380 quod
801 2280 913 2356 finum
945 2310 1010 2354 non
1034 2282 1079 2355 est
1107 2287 1228 2354 amittit
1266 2275 1360 2351 suum
1386 2280 1497 2361 risos,
1532 2285 1710 2376 vigorem,
1743 2303 1782 2354 ae

348 2372 550 2461 resolvitur,
583 2387 618 2453 δι
650 2377 792 2480 sequitur
816 2377 882 2454 sani
913 2404 1064 2454 conatum
1096 2387 1131 2451 δι
1166 2381 1309 2453 trablum
1331 2378 1464 2460 martir,
1500 2400 1540 2452 ut
1571 2384 1617 2451 ita
1641 2381 1784 2451 dicam.⁸

345 2479 420 2550 Nec
442 2483 594 2552 omittam
617 2487 832 2580 perieranium
855 2476 960 2584 ipsum
970 2535 986 2551 ..
1015 2485 1107 2554 Nam
1130 2506 1237 2579 quum
1262 2481 1448 2554 muscam
1473 2523 1483 2554 2
1508 2487 1543 2552 δι
1561 2484 1632 2568 ejus
1652 2481 1786 2553 vvulnus

346 2571 478 2649 cerebro
498 2585 756 2652 communicetur
779 2627 793 2659 ,
824 2603 864 2652 ut
888 2603 962 2653 ante
985 2581 1111 2654 dietum
1136 2581 1210 2663 est,
1241 2602 1300 2651 cur
1323 2604 1391 2649 non
1414 2572 1592 2654 resolvetur
1636 2600 1687 2649 ars
1709 2581 1786 2649 dex·

348 2696 402 2746 rra
429 2683 574 2747 marium
602 2687 739 2768 tegentis
762 2675 954 2749 membrana
982 2685 1019 2750 δι
1050 2675 1225 2757 musculi,
1254 2685 1289 2750 δι
1327 2678 1526 2753 convelletur
1557 2603 1710 2749 smiles:
1744 2695 1784 2748 ut

351 2771 518 2844 convulsio
545 2794 585 2841 ea
617 2772 654 2842 fit
684 2795 760 2864 quae
792 2774 827 2838 in
859 2772 1013 2840 musculis
1043 2779 1199 2869 oppositis
1232 2772 1463 2872 eongmeribue
1492 2785 1658 2850 cernitur?
1685 2777 1784 2849 Unde

350 2895 458 2967 quum
480 2872 640 2971 Hippocr.
672 2876 763 2942 cavet
784 2891 823 2938 ne
846 2863 944 2939 festio
975 2870 1033 2939 snt
1055 2871 1091 2938 in
1114 2871 1326 2966 temporibus,
1359 2872 1513 2971 &supra
1546 2897 1719 2976 temporam
1745 2884 1780 2948 in

352 2963 552 3070 temporibus
575 2988 667 3041 metu
689 2968 899 3041 ootrvuliionis
922 3014 935 3047 ,
968 2961 1064 3066 supra
1093 2985 1240 3067 tempora
1262 3012 1275 3048 ,
1303 2986 1400 3038 metu
1435 2973 1673 3067 haemorrhagiae
1699 3004 1707 3041 ι
1740 2981 1786 3049 ita

353 3067 378 3155 „
399 3079 447 3141 ait
472 3095 483 3141 t
512 3069 642 3142 &uum
679 3074 716 3139 in
748 3061 950 3169 temporibus
979 3065 1145 3139 convulsio
1177 3058 1378 3164 prehendit,
1412 3066 1436 3135 sr
1466 3087 1594 3168 tempus
1624 3069 1784 3144 smistrum

355 3220 376 3253 „
401 3166 536 3251 nuum,
567 3170 729 3243 convulso
752 3169 940 3261 dextemm
963 3168 1124 3265 partium:
1149 3170 1191 3239 Et
1215 3185 1348 3237 contra.
1374 3168 1421 3238 At
1444 3162 1478 3238 id
1510 3172 1632 3239 ratione
1657 3164 1786 3243 mul‘cu-

355 3274 467 3345 lorum
489 3270 710 3370 oppositorum
732 3272 926 3342 evenit-lit
940 3268 1016 3338 buc
1038 3266 1264 3338 consideranda
1287 3270 1402 3363 cuique
1426 3268 1657 3363 relinquimus.

403 3373 486 3443 Non
510 3370 556 3439 est
579 3372 691 3440 neeeslc
713 3367 848 3439 refellere
873 3372 1009 3437 'rationes
1029 3389 1143 3438 eorum
1166 3368 1227 3462 qui
1250 3365 1438 3437 exlmuslum
1470 3368 1682 3440 convulfionis
1704 3380 1785 3440 caui

359 3459 428 3537 sam
450 3487 651 3545 autumant,
675 3490 733 3537 nec
755 3492 821 3538 mn
844 3462 1009 3553 audiistis
1031 3469 1172 3538 materiei
1200 3464 1368 3538 virulentae
1386 3469 1420 3535 in
1433 3484 1555 3563 partem
1572 3460 1700 3536 sanam.
1730 3471 1782 3539 De

356 3566 394 3634 iis
418 3572 505 3638 enim
529 3562 659 3639 abunde
682 3565 843 3637 dicum.
880 3570 1085 3662 Agnovimus
1107 3565 1242 3663 quidem
1265 3564 1322 3636 erse
1347 3567 1413 3637 vim
1444 3586 1595 3661 magnam
1619 3570 1784 3665 vaporis,

351 3680 415 3735 aut
431 3668 530 3739 flatus
549 3670 693 3742 venenati
709 3716 724 3746 ,
739 3669 771 3737 'fi
782 3671 879 3739 etiam
897 3688 915 3736 e
933 3659 1104 3738 visceribus
1124 3664 1234 3761 surgat
1254 3712 1265 3744 ‚
1289 3666 1411 3736 nedum
1427 3664 1451 3734 sr
1466 3666 1593 3746 alatur,
1616 3660 1784 3746 foveatur,

355 3769 593 3861 retineamque
613 3770 647 3837 in
660 3791 731 3839 aree
746 3771 860 3838 meritis
878 3814 895 3846 .,
926 3769 1032 3836 omnis
1053 3772 1203 3838 motionis
1225 3771 1260 3838 δι
1274 3760 1452 3836 serrrationis
1479 3760 1566 3837 sonte
1583 3812 1594 3833 .
1620 3765 1659 3835 ld
1679 3767 1713 3834 in
1731 3787 1785 3836 ar-

359 3859 497 3953 boribus
518 3866 592 3963 ipsu
612 3883 736 3938 cernere
759 3865 818 3936 est.
844 3868 937 3937 Nam
960 3868 1179 3939 siderationem
1200 3860 1302 3937 nescio
1316 3886 1394 3961 quae
1417 3887 1498 3938 aura
1515 3866 1654 3957 maligna
1667 3868 1784 3958 densa&

357 3964 451 4034 lelica
465 3966 573 4035 affine
587 3958 682 4035 solet.
707 3966 748 4035 Et
773 3984 841 4036 tam
865 3961 961 4036 subiti
976 3974 1125 4061 tantique
1144 3966 1289 4037 maleficii
1310 3962 1372 4035 sere
1395 3968 1556 4058 incognita
1577 3962 1632 4033 est
1653 3957 1747 4033 causa
1771 3982 1787 4033 ι’

360 4064 484 4134 Verum
513 4058 670 4134 omnibus
699 4065 868 4159 diligenter
892 4061 1058 4136 subdudlis
1081 4066 1198 4136 rationi
1222 4066 1351 4137 videtur
1372 4060 1520 4160 effusius,
1543 4081 1583 4134 ut
1613 4061 1780 4135 convulso

360 4168 503 4260 partium
519 4160 670 4237 fiturum
685 4163 920 4237 adexnemum
1004 4168 1011 4180 ‘
1075 4184 1197 4237 naturae
1220 4182 1376 4234 conatum
1397 4158 1550 4234 rduamr
1574 4213 1584 4231 .
1609 4160 1663 4232 Est
1693 4164 1781 4231 enim

358 4266 452 4358 parti.
466 4260 572 4357 sm,
593 4264 771 4345 ineolumi,
792 4261 828 4336 de
852 4289 873 4335 a
895 4266 906 4333 l
1040 4276 1123 4335 tutae‘
1142 4270 1177 4339 vi
1199 4270 1235 4335 dt
1258 4262 1423 4334 necesario
1436 4251 1712 4332 occumbendum.
1741 4259 1780 4330 ld

357 4363 449 4455 quod
472 4366 552 4433 citra
575 4359 736 4456 manifesta
760 4382 952 4457 argumenta
974 4364 1163 4434 reludlantis
1177 4371 1301 4434 naturae
1315 4365 1382 4434 ficri
1398 4366 1529 4457 nequit.
1554 4360 1652 4432 Unde
1676 4359 1780 4454 vulgu'

361 4462 514 4540 dicitur,
546 4460 639 4555 quod
669 4462 836 4530 convulsio
865 4460 926 4532 sere
968 4486 1097 4534 omnem
1129 4469 1322 4533 animantem
1354 4464 1541 4531 morientem
1571 4463 1780 4530 comitatur,

360 4561 469 4629 Nemo
491 4564 575 4631 enim
599 4556 661 4629 sere
686 4559 751 4628 sure
772 4562 974 4631 convulsione
996 4564 1134 4629 moritur
1157 4554 1321 4655 presertim
1345 4561 1368 4628 ll
1391 4583 1461 4651 qua
1482 4581 1557 4657 pars
1578 4558 1705 4628 resrslit.
1731 4559 1779 4627 Ae

362 4650 439 4755 sape
453 4659 618 4728 tantulum
634 4656 679 4729 est
699 4659 824 4729 malum
838 4660 873 4725 in
890 4661 991 4755 capite
1012 4656 1105 4751 quod
1127 4674 1265 4724 mortem
1287 4658 1405 4734 affert,
1432 4659 1518 4726 unde
1543 4676 1649 4726 ceterae
1672 4675 1778 4756 partes

363 4762 396 4828 vi
422 4760 610 4827 moriuntur
635 4802 648 4836 ,
677 4761 759 4853 quia
780 4778 856 4857 pars
876 4764 1021 4854 princeps
1053 4754 1202 4833 leviter,
1231 4753 1343 4848 quoad
1376 4748 1529 4833 eumelus
1552 4749 1700 4826 laborat:
1725 4747 1778 4821 scd
1856 4812 1860 4818 ,

363 4860 395 4923 in
420 4874 509 4954 parte
532 4860 674 4954 principe
696 4859 743 4927 nil
765 4856 833 4927 leve
856 4855 1184 4925 &contemnendum
1209 4850 1283 4922 est.
1309 4852 1407 4923 Unde
1440 4852 1522 4922 illud
1557 4857 1711 4951 Hippocr.
1741 4871 1778 4919 ιι

364 5003 384 5035 ,,
408 4956 447 5025 de
472 4973 577 5026 natur.
610 4956 769 5029 humana:
796 4960 827 5027 A
850 4952 1019 5026 sortillimis
1042 4946 1192 5023 membris
1225 4945 1329 5022 morbi
1361 4954 1446 5022 fiunt
1469 4950 1663 5045 gravissimi:
1686 4949 1778 5020 Nam

765 5056 767 5060 Ι
1360 5051 1391 5113 Y
1443 5076 1466 5132 4
1664 5094 1684 5126 m
1709 5050 1734 5118 sl
