4534 5850
393 895 441 964 ¹4

562 465 607 544 68
806 467 1635 542 EPlDEM‘lORUM

506 624 635 709 beraut,
659 629 803 719 tumqui
817 645 906 694 extra
923 619 995 696 vala
1019 621 1110 706 sunt,
1134 630 1171 696 δι
1194 622 1431 714 cacochymiam
1456 619 1576 698 facere,
1610 619 1864 720 constituereque
1883 631 1936 702 dja

505 748 645 804 cuntur,
670 748 777 819 quum
803 743 925 792 natura·
940 729 1072 817 -gremio
1097 748 1163 794 non
1189 731 1414 802 eontinentur,
1438 740 1509 790 turn
1536 722 1700 800 viriditas,
1725 727 1760 792 de
1776 729 1865 794 nitor
1875 753 1934 826 ap·

613 829 650 892 in
664 842 735 891 toto
762 844 911 919 corpore,
936 827 1037 892 immo
1059 819 1157 921 saepe,
1183 825 1273 917 quod
1298 824 1338 890 de
1362 821 1545 891 Alexandro
1570 821 1720 890 dixerunt
1744 823 1934 906 Historici,

558 921 777 1018 grantislimus
802 921 883 990 odor
907 943 925 989 e
948 946 1079 1020 corpore
1104 923 1246 991 exhalat.
1274 924 1392 1016 Qum
1416 939 1528 990 eontra
1554 923 1685 1014 utrique
1713 925 1831 993 vitium
1857 951 1936 995 con.

510 1045 631 1092 traxere
639 1016 657 1101 ,¹
674 1022 861 1097 decutitur,
882 1044 918 1089 ae
942 1022 1060 1118 deperit
1087 1019 1164 1099 flos,
1189 1027 1224 1091 δι
1248 1023 1334 1090 nitor
1358 1015 1443 1089 faciei
1457 1012 1619 1114 totiusque
1643 1026 1800 1116 corporis.
1838 1029 1879 1095 Er
1895 1027 1933 1095 li-

508 1141 557 1190 cet
574 1121 668 1190 massa
689 1108 856 1210 unguinis'
870 1121 1044 1213 aliquando
1065 1113 1238 1191 laudabilis
1263 1119 1319 1201 sit,
1343 1115 1515 1190 desoedatio
1539 1123 1619 1187 cutis
1645 1122 1800 1211 contingit
1816 1119 1931 1195 obdis-

509 1217 661 1290 firsronem
677 1219 852 1313 quamdam
867 1219 980 1287 ichoris
1006 1223 1162 1288 manantis
1187 1243 1207 1289 a
1230 1219 1366 1300 colluvie
1391 1220 1586 1288 humorum:
1619 1220 1679 1310 qui
1698 1219 1817 1299 iclror,
1849 1225 1930 1296 durn

512 1316 535 1387 s
548 1322 639 1387 iritus
655 1315 786 1387 illustres
805 1319 922 1397 inficit,
948 1320 1098 1414 pallorem
1107 1341 1241 1414 quoque
1264 1320 1402 1388 inducit.
1429 1321 1471 1388 Et
1495 1320 1527 1384 in
1552 1311 1675 1386 recursu
1702 1312 1874 1412 sanguinis,
1898 1329 1930 1393 &

514 1345 639 1515 spiritus
664 1419 705 1486 ad
731 1417 909 1493 interiora,¹
926 1409 1070 1488 videmus
1094 1412 1377 1495 decolorationem,
1401 1409 1727 1513 autplumbiformem
1738 1414 1931 1492 faciemcon-

509 1523 651 1608 turgere:
678 1520 717 1584 Er
742 1508 864 1606 quibus
887 1521 1044 1589 internum
1073 1518 1206 1611 aliquod
1232 1520 1349 1589 vitium
1372 1514 1435 1594 est,
1459 1519 1493 1584 in
1516 1517 1551 1583 iis
1575 1515 1765 1585 decoloratio
1797 1517 1843 1587 cst
1873 1522 1929 1591 ali-

534 1638 596 1683 ua:
622 1619 664 1683 Et
681 1635 786 1682 tamen
804 1618 835 1682 in
854 1616 933 1684 vasis
950 1610 1075 1709 sanguis
1092 1640 1159 1684 non
1174 1636 1298 1714 peomr.
1324 1619 1414 1709 Qua
1431 1637 1537 1686 revera
1554 1615 1575 1680 si
1593 1618 1752 1692 omnino,
1777 1622 1811 1687 δι
1838 1621 1930 1716 plane

508 1638 672 1805 sanguinis
696 1710 792 1782 malla
816 1713 887 1780 talis
912 1714 985 1782 ess'ec
1011 1719 1043 1783 in
1069 1709 1262 1793 substantia,
1287 1720 1321 1785 de
1346 1716 1469 1792 colore,
1494 1713 1598 1808 qualis
1623 1707 1754 1783 habitus
1779 1738 1928 1814 apparet,

507 1815 582 1890 vix,
606 1835 643 1882 ae
668 1834 706 1880 ne
730 1814 784 1880 vir
810 1804 982 1881 subsilient
1003 1817 1163 1883 animans.
1191 1815 1290 1884 Unde
1320 1814 1378 1883 illa
1402 1833 1569 1882 extenuata
1594 1812 1728 1889 mulier,
1753 1820 1803 1884 cui
1828 1820 1928 1888 inva-

507 1912 544 1977 sis
569 1904 695 2001 sanguis
718 1911 779 2007 pici
804 1910 908 1979 similis
931 1911 1021 1992 esset,
1047 1914 1192 1983 ideonon
1211 1908 1411 2010 proficiebat,
1435 1916 1514 2006 quia
1537 1906 1663 2002 sanguis
1687 1931 1754 1979 crat
1769 1922 1926 1988 utmalr-

508 2002 665 2092 munem.
693 2009 842 2078 Praeterea
860 2010 919 2077 hoc
941 2011 1073 2080 addam:
1099 2013 1237 2082 Tamen
1253 2007 1290 2086 sa
1335 2060 1346 2090 ,
1371 2030 1410 2080 ut
1427 2033 1500 2080 ante
1522 2010 1645 2080 didlum
1663 2005 1830 2106 est,specie
1839 2009 1927 2108 ipsa,

429 2110 437 2128 ⁹
506 2109 541 2173 &
566 2099 686 2174 obtutu
705 2125 836 2202 apparet
853 2109 885 2174 in
912 2102 1071 2206 superficie
1097 2111 1266 2179 floridulus
1303 2114 1431 2202 anguis,
1457 2135 1522 2179 non
1540 2129 1702 2208 propterea
1720 2128 1823 2179 tamen
1839 2113 1926 2182 idem

506 2203 545 2271 de
564 2204 709 2297 reliquis,
735 2207 792 2297 qui
811 2198 944 2276 subsunt
961 2203 1171 2289 humoribus,
1192 2211 1349 2298 judicium
1365 2208 1447 2279 ello.
1474 2213 1553 2280 Non
1577 2210 1686 2279 desinit
1701 2209 1785 2274 euim
1802 2207 1860 2275 elle
1868 2230 1926 2277 aut

508 2294 665 2384 biliolior,
690 2322 747 2371 aut
766 2297 910 2381 strolior,
935 2327 994 2376 aut
1017 2312 1159 2402 nigrior.
1189 2311 1286 2377 Unde
1306 2313 1338 2377 in
1357 2309 1586 2380 melancholicis
1603 2300 1732 2394 jubebat
1747 2307 1890 2376 Galenus
1912 2355 1925 2385 ,

511 2395 777 2499 speelmrdamelsc
795 2395 954 2494 sanguinis
969 2406 1214 2486 oolorarionem,
1237 2428 1275 2478 ut
1300 2410 1449 2478 mittendi
1473 2407 1631 2498 sanguinis
1654 2407 1815 2475 consilium
1825 2410 1926 2503 capia-

506 2519 579 2568 tur.
606 2504 722 2597 Qum
738 2499 781 2569 cll
806 2504 914 2593 niger,
937 2503 1031 2586 irlcsl,
1047 2511 1164 2577 vitium
1180 2506 1349 2602 quoddam
1364 2511 1466 2576 totius
1486 2517 1626 2603 eorporis
1634 2502 1797 2599 sequitur,
1822 2507 1921 2574 auda-

507 2604 575 2664 tius
591 2603 757 2675 mittatur,
780 2622 884 2691 quum
906 2602 1059 2683 lloridus,
1084 2602 1176 2682 idest,
1201 2608 1322 2675 tametsi
1347 2601 1505 2684 fundum,
1532 2601 1927 2700 &ipsrutsarrguirrissaex,

508 2716 581 2788 quae
608 2689 709 2763 subest
734 2700 792 2763 toti
820 2697 938 2777 marsae,
963 2721 1001 2770 ut
1024 2703 1160 2801 depressa
1185 2697 1244 2772 suo
1258 2706 1411 2802 pondere,
1436 2729 1455 2777 a
1474 2724 1590 2779 natura
1607 2695 1767 2774 desciverit
1785 2710 1801 2772 ε’
1819 2725 1924 2773 tamen

508 2796 589 2886 quia
613 2798 646 2863 in
671 2789 830 2891 superficie
855 2797 915 2866 llos
939 2802 1090 2892 quidam,
1116 2808 1151 2873 δι
1176 2801 1280 2873 rubor
1309 2797 1469 2898 sangrunis
1501 2822 1654 2902 apparet,
1689 2801 1750 2871 hoc
1773 2804 1921 2871 indicium

508 2889 574 2972 est,
598 2894 772 2973 Socratem,
797 2915 856 2965 aut
879 2898 1016 2970 Calliam
1043 2900 1260 2999 particularem
1287 2923 1415 2975 tantum
1441 2899 1554 2977 habere
1578 2902 1834 2974 melancholicam
1855 2904 1927 2971 arle-

508 2990 662 3072 dlionem,
689 3014 727 3062 ut
750 2990 830 3063 forte
847 2998 878 3063 in
904 3018 1013 3095 parte,
1037 3005 1069 3069 in
1087 3026 1156 3096 qua
1182 3006 1303 3073 malum
1329 3000 1426 3082 sedet,
1452 2999 1576 3096 sanguis
1602 3007 1683 3073 virio
1706 3026 1771 3068 non
1805 3020 1928 3071 carcatr

507 3084 558 3159 std
583 3117 648 3160 non
666 3094 749 3163 idem
767 3091 811 3163 cst
829 3096 868 3164 de
884 3116 954 3166 toto
982 3123 1128 3197 corpore.
1157 3105 1269 3195 ltaque
1293 3124 1398 3192 quum
1425 3108 1600 3169 etianurum
1623 3119 1794 3191 apparente
1820 3093 1928 3195 super-

506 3193 575 3260 ficie
601 3189 919 3287 sanguinis—florida,
943 3218 1000 3268 aut
1015 3196 1235 3276 manifestum,
1259 3216 1318 3264 aut
1340 3199 1504 3265 occultum
1520 3193 1565 3264 est
1599 3198 1632 3260 in
1666 3193 1789 3282 reliqua
1822 3196 1931 3265 malla*

507 3284 666 3380 sanguinis
690 3314 781 3391 parte
805 3296 939 3376 vitium,
963 3322 1028 3367 non
1052 3302 1171 3367 mirum
1197 3297 1219 3364 sr
1242 3298 1323 3365 eutis
1426 3296 1628 3365 diffusionem
1653 3291 1738 3360 illius
1763 3297 1861 3384 partis
1878 3297 1932 3361 vi.

503 3382 589 3459 tiosae
607 3392 784 3495 inficiatur.
812 3396 892 3465 Erat
904 3407 989 3467 enlm
1009 3401 1043 3467 in
1062 3390 1122 3468 suo
1137 3388 1207 3471 vase'
1224 3390 1319 3466 ruber
1334 3319 1479 3491 ζῳῆς,
1506 3390 1557 3463 sed
1582 3415 1688 3486 quum
1711 3387 1844 3482 egressus
1870 3388 1930 3469 ests

505 3493 587 3559 &in
605 3514 726 3563 morem
752 3498 830 3565 roris
854 3498 1050 3577 effirnditur,
1082 3504 1131 3569 ut¹
1149 3502 1243 3569 tertio
1272 3500 1329 3567 liat
1363 3498 1587 3573 alimentum>
1620 3511 1692 3560 tum
1726 3507 1828 3584 partes
1853 3509 1926 3558 Vere

504 3583 666 3670 sentiunt,
692 3594 796 3681 qualit
818 3614 935 3661 tratura
958 3615 1027 3663 erat
1052 3592 1177 3687 languis
1202 3599 1273 3663 ille.
1301 3599 1391 3664 Nam
1414 3616 1522 3662 omnes
1546 3608 1666 3686 partes,
1690 3582 1812 3683 ps0s11³
1836 3610 1928 3679 ‘11¹²-

505 3704 571 3773 que
595 3688 718 3751 ratione
743 3691 778 3754 δι
802 3706 936 3763 natura,
961 3692 1175 3768 nutriuntur,
1200 3692 1269 3756 aliae
1286 3684 1449 3757 'biliosrore
1474 3683 1645 3777 sanguine,
1672 3685 1928 3781 aliaepituitosro«

508 3801 567 3855 rc,
591 3782 653 3847 &c
679 3780 772 3873 Quid
789 3781 812 3845 fi
830 3776 989 3873 smguinis
1003 3784 1099 3851 malla
1114 3787 1151 3852 lit
1176 3778 1330 3861 biliosror,
1364 3778 1732 3867 autmaavtmuou'pr.
1770 3787 1807 3856 ln
1831 3787 1926 3856 tertia

423 3928 432 3949 .
505 3874 739 3954 assurrilatione,
764 3880 799 3947 δι
823 3878 937 3950 ultima
961 3874 1174 3952 elaboratione
1197 3884 1336 3978 qualitas
1366 3884 1461 3982 ipsius
1494 3877 1654 3974 sanguinis
1685 3902 1757 3951 tum
1791 3884 1926 3951 demum

507 3995 657 4088 apparete
682 3978 816 4046 maronie
841 3997 919 4049 veto
941 3978 966 4045 ll
989 3972 1119 4094 babitus
1138 3986 1302 4098 eorporis,
1327 3988 1361 4054 dt
1389 3986 1480 4053 tertia
1493 3986 1604 4096 'regio'
1624 4003 1644 4049 a
1674 4000 1791 4092 natura
1823 3981 1927 4092 aliena

507 4071 1926 4176 v

507 4270 640 4348 coloris,
665 4273 700 4339 dc
726 4263 853 4339 ruboris
876 4281 912 4343 in
932 4271 1082 4370 sanguine
1105 4284 1306 4377 apparentia,
1330 4287 1365 4351 δι
1391 4299 1562 4382 pretextu·

557 4367 617 4437 Sed
642 4367 712 4437 duo
735 4370 827 4441 valde
852 4375 991 4444 notanda
1015 4369 1088 4446 sunt
1112 4378 1173 4447 hoc
1198 4380 1268 4447 loco
1291 4402 1329 4448 ex
1354 4382 1571 4479 Hippocrate,
1597 4386 1684 4480 prius
1708 4375 1753 4446 est
1765 4398 1872 4469 quum
1880 4377 1925 4444 ait

363 4465 430 4523 ·'·
473 4506 482 4525 ·
509 4468 543 4535 in
558 4464 744 4565 Epidemiit,
767 4469 931 4565 diligentia
946 4468 1125 4562 adhibenda
1144 4475 1207 4557 est,
1231 4498 1270 4547 ut
1293 4474 1545 4549 excandescentia
1560 4482 1731 4551 inducatur
1753 4476 1927 4543 column,

381 4565 426 4606 ⁶·
507 4571 530 4606 “
554 4564 824 4663 parandigratm
855 4572 982 4652 Gracc,
1020 4571 1380 4662 explicandumque
1402 4578 1512 4653 buo,
1543 4586 1568 4661 a
1600 4572 1796 4657 fremunt,
1826 4571 1926 4653 idest,

510 4671 532 4704 ‘⁴
558 4683 599 4734 ut
613 4664 703 4732 color
716 4662 916 4739 restituatur:
943 4677 978 4741 δι
1002 4665 1128 4767 sanguis
1153 4670 1376 4755 sullurrdatur,
1394 4675 1492 4756 -idesl,
1515 4678 1647 4770 quidam
1668 4665 1926 4841 sunttplumbei»

510 4770 533 4805 “
557 4758 730 4844 dcsoedati,
754 4766 883 4863 pellidi,
909 4774 1066 4867 pituitosre
1092 4775 1124 4842 in
1150 4768 1383 4866 quibus-velut
1407 4774 1567 4865 restagnat
1589 4779 1622 4843 in
1649 4778 1733 4846 venis
1771 4776 1889 4860 anguis
1904 4815 1930 4848 »ι

513 4864 571 4955 qui
597 4865 676 4956 quia
700 4888 767 4933 non
791 4870 963 4945 excitatur,
987 4890 1044 4938 nec
1066 4866 1171 4938 effluit
1184 4874 1217 4940 vi
1231 4871 1366 4949 evenis,
1389 4880 1426 4943 de
1449 4870 1644 4942 suffunditur
1668 4881 1702 4943 in
1728 4868 1925 4970 superficiem

507 4982 567 5059 ptr
589 4963 768 5056 quamdam
791 4958 973 5061 fibulae,
998 4967 1215 5067 decoloratio,
1238 4972 1273 5042 δι
1298 4963 1400 5058 ἕλξω
1414 4991 1540 5053 manet,
1565 4973 1708 5065 srautem
1732 4976 1780 5043 ira
1799 4970 1930 5044 induti»

1801 5090 1879 5158 (uf)
