4534 5850
578 474 648 555 ης
847 460 1674 544 ouurtuntnatuonrt

358 636 446 712 optat,
525 639 630 701 tunt,
664 618 868 708 Morfhndnt
902 628 943 696 Et
967 629 1190 723 interpretatur
1215 625 1301 695 idem
1328 619 1508 693 Aristoteles
1539 642 1657 691 nomen
1673 618 1851 713 =crudorit,
1883 606 1946 709 ii(

351 719 479 794 notati·
525 709 659 796 σκκῖλν
682 770 698 790 ·.
722 724 752 794 C
754 724 852 792 rudot
874 721 917 793 est
940 747 1036 818 quem
1063 727 1234 792 committit
1266 719 1382 813 frigida
1416 721 1558 814 siccaque
1581 714 1720 817 impense
1742 721 1938 822 tempestas,

355 803 426 869 lin.
526 820 692 914 impatiens
713 823 1054 893 omnino-exoemcndi
1078 822 1249 890 humoris.
1282 819 1349 890 Sed
1375 813 1575 891 Problemata
1611 839 1666 887 ιο.
1690 823 1835 891 meminit
1858 820 1939 891 sude·

524 921 658 1011 rationis¹
676 914 811 1018 sphaceii
836 925 870 988 δι
895 921 1039 988 crudotis
1063 913 1199 996 cerebri,
1221 939 1329 1011 quum
1353 922 1422 995 ait,
1447 917 1470 984 st
1493 934 1652 1014 praeeunte
1674 917 1857 1019 tempestate
1880 918 1936 990 iic·

520 1038 564 1086 ca‘
585 1021 619 1086 δι
644 1019 806 1112 aquilonia
830 1015 935 1088 aestivo
958 1037 1127 1115 tempore,
1160 1011 1309 1110 squatur
1342 1035 1519 1086 autumnus
1540 1013 1699 1088 ausitinua
1720 1022 1756 1089 dt
1781 1019 1937 1115 pluvius,

521 1138 621 1210 quem
646 1116 747 1185 hiems
771 1122 917 1212 proxime
939 1120 1088 1216 excipiat,
1112 1119 1192 1210 quia
1216 1116 1358 1184 multum
1382 1115 1476 1185 srmul
1500 1118 1634 1186 manici
1652 1120 1794 1215 exeipit,
1818 1121 1853 1188 &
1880 1111 1937 1187 sua

524 1211 698 1304 frigiditate
722 1239 786 1282 non
810 1213 911 1312 potest
935 1215 1102 1285 humorem
1125 1236 1264 1309 cogere,
1287 1207 1441 1293 densare,
1471 1237 1631 1307 coquere,
1663 1220 1699 1286 &
1722 1219 1756 1286 in
1779 1217 1935 1313 pituitam

524 1305 633 1380 saltem
657 1331 798 1391 vertere,
823 1314 846 1382 st
869 1320 903 1382 in
929 1318 1031 1411 capite
1054 1339 1118 1385 non
1143 1316 1188 1382 ita
1212 1313 1359 1391 multus,
1391 1316 1581 1406 guitum
1603 1316 1719 1394 affert,
1756 1314 1780 1382 st
1811 1317 1934 1403 rtimiup

522 1403 719 1507 frigiduffiue
743 1407 858 1490 suerit,
874 1407 1060 1510 'spbacelum
1075 1415 1184 1491 affert,
1207 1414 1371 1481 cautiorem
1382 1417 1497 1482 vertit.
1525 1414 1580 1482 An
1604 1436 1644 1482 co
1667 1420 1703 1483 in
1726 1404 1812 1483 sensu
1835 1407 1857 1482 s
1872 1412 1935 1505 ha‘-

521 1510 579 1576 teli
603 1510 719 1580 nomen
744 1505 826 1580 sumi
848 1510 975 1610 potiit,
1006 1532 1044 1582 ut
1075 1505 1269 1607 quibusdam
1325 1511 1429 1580 lacet?
1463 1503 1631 1581 Probabile
1654 1513 1778 1606 aliquid
1803 1510 1845 1584 ln
1888 1512 1931 1605 γ’.

520 1607 642 1676 Tamen
667 1604 827 1706 sphateios
848 1634 909 1708 pro
932 1613 1066 1680 crudore
1099 1613 1205 1709 potius
1238 1618 1286 1678 int
1315 1611 1371 1704 ligi
1463 1629 1495 1679 et
1518 1605 1712 1707 Apborismo
1736 1612 1818 1680 illo:
1845 1608 1929 1704 Qu

521 1752 543 1785 „
569 1700 628 1776 bus
653 1702 733 1779 sanis
755 1708 880 1779 dolores
902 1713 1011 1809 eapitis
1034 1729 1159 1807 repente
1182 1710 1358 1778 oriuntur:
1406 1701 1590 1804 ubindeque
1612 1711 1731 1808 aphoni
1755 1711 1869 1789 siunt,
1894 1715 1930 1791 in

518 1840 542 1882 „
567 1798 683 1903 septem
707 1801 817 1878 diebus
841 1828 995 1906 pereunt,
1018 1809 1074 1879 nifi
1098 1803 1191 1878 febris
1214 1804 1386 1877 succedat.
1414 1803 1549 1906 Duplici
1573 1830 1629 1877 nos
1653 1807 1834 1898 conjestura
1859 1810 1931 1876 niti·

517 1926 618 1972 mur:
643 1909 748 2004 priore
770 1909 904 2001 quidem
928 1908 1018 2004 quod
1045 1932 1109 1977 non
1132 1914 1178 1978 ita
1201 1899 1295 1977 breve
1318 1926 1445 2003 tempus
1466 1902 1658 2004 descripstrit
1681 1927 1718 1978 ut
1742 1907 1800 1976 illo
1814 1906 1929 2003 Apho-

516 1994 615 2068 rismo
637 2007 670 2070 in
694 2027 762 2097 quo
785 2006 826 2073 de
848 2001 978 2076 cerebro
1001 2001 1167 2104 spiraotlon
1192 2010 1328 2101 patiente
1353 2011 1447 2098 agit.
1478 2007 1567 2075 Nam
1600 2005 1623 2072 st
1655 2007 1771 2074 crudor
1796 2023 1926 2075 tantum

518 2095 617 2179 esset,
652 2119 710 2170 aut
735 2098 901 2197 tamquam
926 2099 990 2173 sola
1023 2110 1247 2202 intemperies,
1280 2124 1337 2175 aut
1361 2127 1435 2173 cum
1459 2103 1652 2173 admixtione
1682 2099 1800 2193 frigide
1825 2121 1930 2171 mate-

515 2200 590 2276 riae,
616 2222 681 2268 non
705 2219 774 2270 tam
797 2194 891 2270 citam'
909 2220 1051 2272 ¹mortem
1083 2207 1230 2282 afferret,
1261 2199 1311 2274 scd
1334 2204 1382 2274 ad'
1400 2195 1571 2300 septimum
1584 2200 1675 2270 diem
1700 2202 1931 2296 promitteret:

437 2356 442 2364 .
517 2294 686 2370 Polleriore
710 2323 803 2380 vcro,
827 2303 906 2396 quia
932 2305 1075 2372 meminit
1099 2295 1225 2381 Febrim
1251 2303 1317 2393 baec
1340 2303 1425 2373 enim
1449 2301 1562 2395 digerit
1585 2320 1621 2369 ac
1644 2301 1754 2392 coquit
1780 2299 1927 2368 crudita

515 2411 593 2474 tes,
628 2404 662 2468 dc
694 2423 768 2494 qua·
800 2420 920 2489 coryza
953 2396 1025 2470 sunt
1059 2425 1133 2471 cum
1165 2394 1251 2470 febre
1274 2408 1384 2470 minus
1406 2394 1624 2477 relabuntur,
1656 2396 1805 2492 quamsi
1829 2389 1926 2467 sebris

512 2489 628 2566 abesset
677 2517 734 2566 art.
758 2517 811 2563 ro.
826 2490 900 2568 'fieb
921 2523 950 2586 3.
965 2495 1020 2569 lib.
1041 2508 1073 2565 6.
1093 2500 1184 2595 Epid.
1204 2501 1374 2566 Contraria
1399 2517 1506 2566 tamen
1531 2500 1653 2567 ratione
1677 2499 1751 2591 quis
1775 2498 1832 2566 niti
1850 2490 1921 2592 pos-

513 2586 559 2660 set
581 2612 621 2661 ut
643 2520 753 2664 doceat
778 2596 900 2695 Aphor.
917 2599 962 2665 de
985 2596 1117 2692 aphonit
1142 2613 1266 2687 repente
1289 2590 1379 2662 fauts
1411 2596 1561 2684 intelligi
1579 2618 1644 2660 non
1676 2594 1761 2761 ζῇς
1786 2595 1826 2663 de
1849 2618 1921 2664 cru·

511 2689 590 2758 dore
613 2687 756 2771 cerebri,
780 2696 858 2786 quia
875 2695 1048 2774 ¹stjrumot
1073 2694 1105 2758 in
1129 2685 1258 2759 oerebro
1281 2686 1431 2758 colitans
1453 2689 1554 2770 effer,
1584 2694 1637 2760 vix
1661 2715 1681 2759 a
1743 2712 1776 2762 et
1801 2694 1917 2763 dolor:

511 2790 544 2859 Si
569 2790 614 2856 ita
637 2791 701 2870 stt,
725 2793 821 2860 dolor
843 2784 955 2890 'capitis
978 2808 1105 2889 tepente
1127 2813 1192 2857 non
1215 2783 1421 2863 oboriretur,
1446 2790 1539 2882 quod
1563 2806 1670 2858 tamen
1695 2792 1770 2864 vult
1793 2796 1921 2890 Hippo-

508 2905 636 2959 crates.
662 2890 732 2961 Nifi
756 2898 831 2987 quis
854 2892 939 2961 dicat
962 2891 1052 2986 quod
1076 2891 1265 2986 experientia
1297 2880 1319 2955 s
1386 2887 1677 2984 deprehenditur,
1707 2887 1918 2991 multis-saepe

512 3006 569 3058 aut
592 2992 701 3089 capitis
723 2994 893 3085 gravitates
916 3009 975 3059 aut
997 2990 1121 3058 dolores
1145 3009 1209 3057 non
1234 2990 1279 3056 ita
1303 2910 1376 3056 elide
1389 2984 1535 3057 molestos
1568 2980 1614 3056 ob
1644 2989 1789 3061 colledias
1812 2995 1846 3060 in
1871 3012 1919 3060 oc-

511 3082 607 3158 rcbro
629 3090 798 3160 cruditates
820 3105 894 3185 quae
917 3111 970 3158 eos
1001 3083 1147 3186 respirare
1179 3087 1285 3156 sinunt
1319 3108 1373 3154 nec
1402 3078 1447 3154 ab
1476 3085 1571 3183 opere
1600 3108 1758 3159 avocant.
1794 3092 1918 3161 Scitum

512 3234 535 3268 „
558 3191 642 3257 enim
665 3188 742 3259 iliud
767 3190 880 3259 Galeni
904 3188 1033 3259 Comm.
1048 3191 1081 3254 in
1107 3185 1230 3283 Aphor.
1248 3178 1383 3272 38.sest.
1408 3179 1843 3281 nuncupationem
1867 3195 1920 3286 pi·

510 3327 534 3364 „
559 3278 677 3354 tuicoss
701 3291 734 3353 δι
758 3294 825 3376 ejus
847 3282 914 3356 stro
935 3286 996 3355 hoc
1020 3283 1109 3355 incise
1132 3302 1172 3353 ut
1196 3285 1261 3352 non
1285 3284 1433 3368 doloret,
1466 3278 1515 3353 sad
1547 3302 1705 3380 torporem
1736 3289 1918 3378 quemdam

510 3428 535 3463 ‚,
559 3380 689 3480 inserat,
713 3384 770 3455 nisi
793 3389 872 3457 vitio
896 3384 1010 3480 aliquo
1032 3388 1154 3484 pituita
1178 3402 1236 3453 aut
1260 3378 1395 3463 acescat,
1417 3402 1475 3455 aut
1498 3377 1572 3459 salfi
1594 3381 1766 3461 reddatur,
1789 3387 1852 3476 qui
1866 3384 1920 3454 lo-

507 3503 565 3550 cus
589 3486 751 3556 notandus
773 3484 840 3556 est.
869 3488 981 3578 itaque
1004 3509 1048 3555 cat
1072 3484 1243 3553 cruditates
1264 3506 1339 3577 quae
1360 3483 1474 3579 aliquo
1497 3501 1637 3579 tempore
1661 3482 1804 3550 inducias
1814 3483 1917 3563 dant,

510 3599 570 3646 aut
593 3582 711 3661 austu,
736 3603 793 3654 aut
816 3607 910 3653 conce
934 3603 969 3651 to
993 3585 1071 3653 vitio
1093 3584 1258 3650 deteriores
1281 3578 1370 3652 faotae
1393 3601 1515 3655 tennes
1537 3571 1653 3650 cerebri
1676 3602 1833 3679 occupare
1844 3576 1916 3679 pos-

510 3670 605 3754 sunt,
630 3699 687 3748 aut
710 3698 818 3749 totum
842 3609 1006 3749 cerebrum
1032 3681 1130 3748 veluti
1154 3684 1282 3748 efferato
1305 3699 1398 3749 motu
1431 3682 1606 3755 invadere,
1643 3681 1731 3749 unde
1754 3700 1814 3750 aut
1837 3706 1915 3780 apo-

509 3773 630 3869 piefflci
652 3778 800 3855 cadunt,
824 3797 883 3847 aut
914 3780 977 3845 cito
1002 3781 1219 3857 moriuntur,
1251 3796 1309 3846 aut
1340 3779 1518 3876 paraplegia
1551 3773 1654 3847 ntem
1687 3780 1913 3876 implicantur.

505 3876 607 3969 Qod
632 3897 735 3978 nuper
756 3881 890 3972 oontigit
911 3877 1041 3946 cuidam
1066 3873 1175 3945 illustri
1201 3878 1291 3955 viro,
1314 3883 1374 3972 qui
1398 3901 1500 3972 quum
1517 3876 1722 3948 mediocriter
1745 3880 1911 3977 caputdo-

498 3974 586 4043 'ieret
619 3999 674 4071 ptr
704 3978 811 4050 decem
840 3978 905 4046 dies
937 3977 997 4059 (in
1028 3979 1094 4045 ima
1126 3996 1230 4046 tamen
1260 3998 1337 4045 aute
1360 3969 1430 4046 satis
1452 3996 1519 4048 erat
1542 3978 1708 4049 vehemens
1731 3979 1851 4063 dolor)
1874 3984 1911 4049 dt

504 4068 667 4155 imilla
690 4098 795 4167 ageret
802 4127 814 4158 ,
839 4094 963 4171 repente
984 4076 1139 4155 concidit,
1164 4069 1371 4144 &cornutulsus
1393 4078 1476 4144 intra
1502 4071 1595 4148 breve
1619 4096 1681 4146 tem
1707 4099 1745 4144 us
1767 4079 1908 4144 interiit.

500 4176 617 4267 'Qeni
641 4191 795 4244 eventum
820 4175 987 4240 annotavit
1018 4175 1229 4267 Hippocrates
1244 4189 1324 4266 part.
1351 4167 1478 4260 15.iib.
1504 4198 1533 4258 3.
1552 4101 1714 4269 Prognosi.
1734 4195 1842 4267 quum
1866 4174 1909 4244 de

505 4321 528 4353 ‚,
552 4264 717 4341 doloribus
739 4276 868 4338 aurium
890 4270 990 4336 acutis
1013 4273 1101 4359 agit;
1127 4268 1304 4337 Periculum
1329 4268 1431 4338 delirii
1454 4268 1539 4340 adest
1563 4278 1598 4343 δι
1623 4276 1763 4344 interitus
1779 4299 1800 4350 z,
1813 4274 1910 4343 Guio-

505 4417 529 4452 ,‚
554 4390 615 4439 nus
639 4371 671 4436 in
694 4368 822 4439 Comm.
842 4358 946 4434 scribit
969 4364 1130 4435 Nonnulli
1154 4387 1266 4437 oerum
1290 4371 1349 4462 qui
1373 4388 1471 4439 acuto
1494 4371 1603 4441 dolore
1635 4375 1805 4472 capiuntur
1828 4372 1909 4442 deli·

501 4516 526 4554 „
550 4485 641 4546 tant,
665 4472 701 4537 δι
726 4489 758 4536 re
819 4486 849 4535 te
872 4466 1056 4535 moriuntur
1078 4482 1242 4561 nmquam
1269 4467 1394 4536 fiderati
1418 4464 1632 4557 (donantium
1656 4474 1777 4559 vocat)
1801 4495 1907 4566 quum

499 4576 534 4641 in
557 4559 722 4638 cerebrum
746 4559 848 4657 alpini
867 4565 970 4636 fluxio
993 4566 1138 4636 dolorem
1160 4573 1249 4636 auris·
1276 4570 1411 4637 efficiens
1444 4591 1502 4639 eru
1542 4574 1608 4639 n't.
1643 4574 1708 4642 His
1731 4575 1777 4640 ita
1800 4572 1906 4670 posuit

494 4668 629 4741 'ridetur
652 4671 759 4764 potius
782 4668 853 4738 Gal.
870 4665 1094 4737 assentiendum
1119 4683 1159 4734 ut
1183 4660 1376 4763 sphacuun
1393 4689 1452 4766 pro
1483 4576 1594 4762 tribua
1624 4692 1796 4765 gangr-aena
1829 4674 1904 4742 inci-

491 4771 603 4866 ·piente
634 4762 893 4835 inflammationis
922 4765 1053 4855 aiicujus
1085 4760 1223 4859 sequaoe
1243 4759 1326 4837 sumi
1357 4766 1522 4836 dicamus·
1558 4769 1629 4838 Nec
1650 4770 1704 4840 hic
1726 4770 1903 4839 nominati

426 4883 430 4890 ’
490 4847 889 4948 ·γαγκαίνιςὶ,ἶσμκέλυ,
913 4864 954 4931 ad
978 4883 1123 4956 unguem
1145 4866 1340 4957 exquirenda
1362 4858 1452 4934 sunt.
1477 4866 1581 4955 Qud
1603 4887 1712 4941 tamen
1734 4891 1785 4940 res
1808 4866 1845 4935 srt
1863 4870 1901 4934 iu

450 4969 452 4974 '
491 4964 678 5066 precipiti,
710 4967 810 5032 trium
834 4978 962 5032 tantum
996 4962 1118 5032 dientm
1154 4964 1322 5034 memitrit.
1357 4963 1447 5034 Nam
1478 4983 1551 5061 pars
1585 4961 1905 5134 princeps-nosprpliu

1893 5117 1910 5161 t
