4534 5850
546 454 1108 547 :rinsoinaassinu
1139 456 1492 546 ruariorum
1647 492 1714 571 22³

749 636 752 643 ’
841 623 1031 763 rix
1079 686 1111 759 s
1166 687 1203 757 u
1254 679 1293 758 s.

822 888 1036 958 Haemum
1060 881 1307 973 Messinm.
1464 933 1473 947 ,
1703 940 1705 945 ,
1756 882 1777 978 :⁹
1844 885 1878 960 4,

352 1082 463 1269 JAm
487 1084 624 1173 &mus
655 1077 984 1185 quaeumcmleur
1015 1046 1189 1156 humiditas
1211 1073 1329 1164 cerebri
1349 1101 1514 1182 tamquam
1540 1082 1754 1176 diribitori
1785 1093 1897 1165 cram)

398 1189 438 1258 ad
463 1210 571 1261 veram
590 1192 796 1281 vertiginem.
821 1188 864 1275 Ee
878 1205 986 1278 quum
1002 1185 1172 1279 loquimur
1184 1182 1224 1254 de
1249 1184 1437 1255 humiditate
1447 1181 1630 1263 „audimus
1654 1196 1688 1260 ει
1715 1189 1755 1261 de

351 1290 491 1360 naturali
515 1288 707 1362 humiditate
731 1277 868 1363 cerebri,
895 1289 930 1353 dc
953 1284 993 1354 de
1010 1280 1200 1356 humoribus
1224 1286 1318 1381 ipsis.
1346 1286 1398 1354 De
1421 1304 1460 1354 eo
1484 1303 1653 1379 tamquam
1687 1284 1764 1367 sub,
1906 1306 1910 1315 ·

349 1386 430 1474 jesto
448 1429 460 1465 ,
483 1389 523 1455 de
536 1389 584 1455 his
602 1406 770 1479 tamquam
787 1379 880 1454 causa
901 1384 1069 1454 materiali.
1096 1387 1132 1454 ln
1151 1403 1266 1483 corpus
1286 1383 1400 1463 siccum
1415 1405 1557 1456 nontam
1577 1381 1667 1468 sacili
1681 1389 1765 1473 cadie

349 1481 530 1554 flexibilitas
551 1491 584 1552 δι
601 1486 808 1555 converiionis
824 1474 963 1552 facultas.
988 1485 1118 1578 Corpus
1136 1485 1307 1554 humidum
1326 1485 1421 1561 fluit,
1446 1490 1481 1555 de
1496 1487 1766 1558 vertitotumnon

352 1577 481 1678 potest,
506 1580 580 1652 hinc
597 1587 755 1676 vertiginis
768 1582 896 1671 occasio·
921 1585 968 1650 Fit
986 1589 1072 1651 enim
1085 1572 1234 1659 videare,
1260 1588 1293 1653 de
1313 1587 1502 1683 interruptio
1519 1626 1530 1665 ,
1554 1605 1627 1679 quat
1643 1588 1677 1652 in
1696 1609 1766 1654 cor-

350 1701 428 1778 pore
444 1684 548 1774 rigido
566 1690 600 1751 δι
619 1680 696 1750 sicco
710 1684 829 1751 nonfit.
855 1682 896 1750 Et
913 1681 1026 1777 paullo
1035 1698 1108 1749 anre
1116 1680 1350 1774 degustavimus
1366 1701 1495 1753 tantum
1509 1677 1607 1752 labris
1620 1688 1767 1754 extremm
1786 1741 1814 1793 1>
1816 1750 1831 1793 q
1847 1727 1928 1810 sm..

352 1776 558 1872 quaestionem
573 1780 612 1850 de
627 1773 770 1849 senibus.
795 1780 842 1849 Hi
860 1776 1042 1874 vertiginosi
1050 1781 1148 1855 fiunt.
1174 1777 1621 1852 Ertamencetebrumeorum
1638 1777 1760 1877 pallum
1782 1814 1855 1883 pm·
1913 1789 1929 1805 ⁴

347 1877 393 1946 est
410 1877 585 1970 quamdam
607 1871 744 1946 admi·
764 1898 819 1976 per
843 1882 941 1956 aetatis
969 1878 1095 1948 fluxum
1122 1884 1156 1948 dc
1182 1876 1319 1948 flexum.
1344 1879 1376 1950 Si
1394 1898 1495 1978 partes
1508 1879 1643 1948 sicciores
1659 1885 1693 1948 de
1718 1885 1767 1953 in·
1884 1892 1888 1900 '

347 1994 467 2054 terne.
493 1981 527 2047 de
542 1995 704 2056 externa,
727 1997 785 2047 eur
802 1982 846 2048 ita
865 1980 1021 2072 vertigine
1044 1986 1238 2076 capiuntur?
1265 1977 1303 2047 ld
1322 1984 1407 2050 enim
1428 1974 1501 2050 facit
1525 1996 1637 2053 eontra
1651 1975 1767 2061 sunda-

347 2095 492 2144 mentum
508 2079 598 2172 quod
617 2077 661 2147 est
675 2076 902 2149 constitutum.
929 2080 967 2146 ln
983 2070 1106 2147 senibus
1121 2084 1265 2174 partium
1291 2069 1460 2150 solidarum
1481 2078 1631 2174 quadam
1653 2080 1768 2171 siccitas

346 2171 412 2251 est,
437 2168 487 2243 bd
500 2177 544 2245 eli
560 2178 790 2247 excrementitia
798 2178 973 2247 humiditas
982 2196 1051 2271 qua
1069 2181 1352 2274 partesrigantur.
1379 2179 1450 2251 Nec
1465 2202 1503 2249 eo
1519 2180 1656 2249 siccitatis
1672 2180 1762 2252 venit

347 2264 459 2355 senum
470 2269 641 2364 cerebrum
658 2292 695 2345 ut
710 2272 899 2360 nonnulle
914 2278 971 2344 fit.
995 2277 1083 2343 idern
1103 2276 1140 2344 iit
1159 2277 1291 2370 quidem
1312 2280 1346 2345 in
1370 2271 1493 2348 lenibus
1508 2275 1601 2371 quod
1627 2294 1700 2347 aute
1728 2280 1763 2348 iri

346 2366 464 2442 ovibus
479 2372 547 2445 sicii
561 2375 721 2448 diximus.
747 2371 900 2444 modum
914 2367 1098 2451 cerebrum,
1121 2374 1265 2466 liquatur
1282 2417 1295 2455 ,
1319 2370 1462 2454 diffluit,
1477 2373 1651 2446 dilabitur.
1678 2375 1766 2455 Hine

344 2459 403 2538 seri
419 2474 524 2568 putris
539 2471 702 2546 colleciio.
728 2473 803 2542 inde
814 2470 958 2552 dolores,
982 2473 1061 2546 verti
1088 2470 1166 2550 ires,
1192 2472 1411 2544 &tullescum
1420 2469 1762 2571 serumputteacapitt
1802 2495 1809 2507 ’

346 2573 380 2637 iii
401 2558 542 2665 asperam
563 2573 709 2641 arteriam
728 2567 906 2640 delabitur.
932 2574 981 2641 Sic
995 2574 1028 2641 in
1079 2566 1174 2642 nibus
1190 2568 1233 2642 est
1249 2592 1285 2643 ea
1327 2572 1407 2643 utris
1428 2574 1581 2671 pituita,
1602 2573 1764 2644 calerna

345 2672 432 2740 tirus
446 2667 607 2739 infirmus.
633 2667 757 2739 Caloris
772 2670 858 2738 enim
876 2668 1045 2739 infirmitas
1060 2667 1101 2737 ad
1112 2669 1279 2760 vettigines
1316 2678 1378 2741 cit.
1403 2678 1440 2740 lii
1459 2666 1583 2758 senibus
1597 2668 1700 2746 multa
1717 2668 1763 2742 eil

348 2767 517 2853 cruditas.
555 2769 596 2834 Er
614 2765 705 2860 quod
732 2763 867 2835 maximi
885 2767 1068 2860 notandum
1094 2762 1139 2835 est
1155 2772 1188 2837 in
1206 2765 1248 2837 eis
1267 2766 1312 2838 est
1332 2761 1488 2858 aparuit
1516 2809 1529 2850 ‚
1554 2764 1762 2856 &vasorum

347 2868 383 2935 dc
397 2886 567 2934 meatuum-
581 2852 755 2940 cinomia
781 2863 1010 2943 conniventia,
1032 2856 1217 2959 collapsusr
1242 2867 1329 2935 Hinc
1346 2870 1507 2963 vertiginis
1535 2874 1569 2941 dc
1592 2871 1762 2970 apoplexiae

350 2966 573 3061 opportunitas
589 3012 598 3031 .
624 2966 635 3046 (
660 2963 802 3032 Galenus
819 2962 948 3033 Comm-
969 2962 1004 3029 in
1023 2956 1149 3056 Aphor.
1167 2956 1286 3046 31.lib.
1304 2982 1330 3047 3.
1343 2962 1434 3033 dotet
1450 2972 1486 3035 δι
1509 2990 1567 3036 cur
1583 2965 1666 3038 series
1687 2964 1763 3063 qui

345 3065 424 3134 iiam
440 3065 500 3132 suit
517 3062 651 3153 vigiles,
675 3057 729 3132 alii'
750 3082 833 3130 non.
861 3060 914 3131 An
930 3056 990 3128 sint
1007 3055 1074 3144 sicci
1092 3100 1105 3137 ,
1122 3080 1171 3130 >an
1191 3057 1341 3126 humidi:
1363 3060 1453 3128 locus
1467 3058 1724 3153 estfluberrimus.
1747 3072 1764 3156 )

347 3161 452 3244 ‚Unde
466 3164 605 3233 diximus
618 3181 693 3233 ante
710 3157 763 3233 du
784 3165 874 3231 licem
891 3153 948 3231 cib
965 3153 1215 3229 obliruciionem
1233 3162 1467 3229 attenuativam
1491 3161 1502 3245 (
1535 3176 1592 3257 per
1613 3155 1765 3248 vasorum

349 3263 603 3349 connivemiam)
630 3264 664 3332 de
689 3284 710 3330 o
733 3188 914 3358 pibtivam:
939 3251 1036 3333 verba
1060 3258 1191 3352 quidem
1216 3249 1290 3327 sunt
1304 3247 1476 3354 asperiora,
1501 3244 1550 3327 sed
1568 3255 1767 3333 effluam.-
1908 3323 1911 3331 .

348 3362 421 3433 Sive
444 3363 482 3428 sit
497 3383 570 3432 vera
587 3288 784 3437 duumuiro,
810 3361 871 3431 sive
895 3377 950 3453 per
972 3351 1147 3450 colapium
1171 3358 1299 3429 viarum
1323 3348 1554 3452 vasorumque,
1577 3360 1613 3430 dt
1637 3362 1765 3454 vettigo'

350 3463 386 3529 &
412 3456 580 3556 apoplexia
604 3454 806 3556 &epilepsia
839 3457 917 3524 binc
941 3449 1083 3525 rial'cendi
1116 3449 1308 3524 occasionem
1332 3445 1584 3527 nanciscuntur.
1616 3458 1762 3530 Maxime

347 3580 424 3632 veto
446 3579 559 3653 graves
583 3556 619 3627 hi
642 3553 771 3627 affectus
796 3555 942 3649 vertigini
966 3546 1139 3623 succedunt
1162 3554 1190 3625 ei
1215 3572 1290 3647 quar
1322 3571 1378 3651 per
1402 3556 1571 3652 proprium
1606 3546 1759 3629 amrium

343 3652 460 3730 cerebri
485 3659 550 3728 lieri
574 3651 674 3726 solet.
708 3645 879 3726 Praesertim
903 3652 926 3722 si
950 3656 1158 3725 inveterarit.
1196 3653 1351 3722 Diatbesis
1384 3656 1468 3723 enim
1502 3648 1604 3725 nescio
1627 3679 1700 3751 qua·
1721 3659 1760 3730 bi
1807 3686 1809 3690 ⁴

344 3775 469 3857 partem
495 3756 669 3854 principem
694 3753 827 3825 inducia
850 3753 910 3823 ell:
935 3755 1048 3823 Talem
1072 3751 1113 3821 ad
1139 3754 1323 3845 vertiginem
1347 3772 1414 3822 non
1438 3756 1614 3851 penetravit
1649 3756 1757 3824 Theo-

345 3852 511 3953 phrastus,
535 3848 585 3923 sed
604 3856 645 3924 ad
670 3854 838 3947 vulgarem
854 3870 1008 3923 'tautum
1036 3853 1085 3920 Sic
1107 3855 1145 3920 dc
1161 3868 1206 3921 ca
1230 3847 1354 3945 vertigo
1378 3858 1414 3922 dc
1446 3847 1757 3927 morbusattonitus

343 3945 463 4027 cerebri
498 3952 628 4022 effebus
661 3954 810 4049 proprius
832 3950 970 4031 dieitur,
996 3944 1130 4021 morbus
1163 3948 1324 4026 attonitus,
1348 3943 1478 4024 edesius
1510 3949 1642 4044 quidem
1663 3956 1757 4045 ¹eirca

344 4051 561 4130 voluntariam
595 4051 775 4129 abbonem,
799 4052 903 4145 qualis
925 4050 959 4119 in
985 4039 1132 4119 studendi
1159 4045 1283 4119 afflone
1315 4035 1440 4118 somnus
1464 4042 1654 4219 profundus
1679 4089 1687 4114 a
1715 4052 1760 4123 Es

343 4160 378 4232 in
413 4148 565 4250 Epilcpsia
594 4150 758 4220 convulfio
790 4148 834 4220 est
866 4139 1049 4240 hupmodi·
1088 4145 1193 4241 qualis
1226 4147 1259 4215 in
1287 4131 1434 4216 sentiendi
1502 4141 1629 4242 ustione
1674 4151 1757 4242 rigia

345 4256 388 4329 lja
419 4268 531 4347 pretet
565 4268 744 4330 naturam,
769 4246 876 4344 vigilia
910 4254 946 4320 de
978 4246 1142 4324 convulsio
1174 4241 1247 4316 sunt
1278 4264 1318 4315 ut
1351 4260 1459 4316 motus
1483 4245 1586 4317 vieiofi
1610 4240 1757 4326 cerebri,

344 4353 482 4447 ideoque
519 4349 667 4445 partium
702 4347 861 4442 sigillanm
895 4350 1042 4418 omnium
1076 4364 1235 4440 quatenus
1266 4339 1474 4417 instrumema
1507 4336 1581 4420 satie
1605 4347 1760 4419 animalia

347 4472 414 4524 non
455 4444 616 4520 nautalia
642 4491 652 4514 .
683 4449 726 4517 Et
755 4450 789 4517 in
820 4467 857 4519 os
890 4449 997 4540 vigilia
1030 4467 1096 4515 non
1129 4442 1268 4515 natursdi
1302 4441 1467 4516 cerebram
1489 4441 1658 4543 depravate
1687 4446 1758 4538 agit

347 4554 430 4647 quia·
454 4544 670 4643 intempestive
700 4540 883 4615 facultatem
907 4540 1100 4614 transfiindit
1125 4546 1172 4612 ad
1204 4535 1333 4614 solaria
1362 4555 1487 4614 exterriti
1510 4545 1635 4617 nullam
1663 4546 1759 4636 quia·

346 4672 412 4722 tom
436 4646 645 4741 impertieris.
681 4642 728 4715 At
762 4642 928 4743 apoplexia
953 4647 988 4712 da
1020 4636 1147 4709 scaminus
1179 4634 1358 4735 profundus
1378 4635 1453 4711 sunt
1477 4638 1653 4735 ostiarium
1673 4659 1760 4717 cut<

347 4746 399 4820 bri
416 4742 571 4836 rquadani
590 4748 685 4839 quies
709 4743 745 4814 dc
768 4737 921 4813 cohibitio
953 4740 1161 4831 wercitioque
1186 4777 1194 4803 r
1227 4741 1268 4807 Et
1301 4732 1434 4808 morbus
1455 4753 1515 4809 aut
1539 4740 1572 4810 iri
1594 4736 1691 4817 collo,
1714 4735 1760 4812 eli

347 4867 407 4921 aut
432 4845 465 4910 in
489 4834 598 4939 spinuli
620 4843 795 4924 medulla,
827 4842 942 4912 autin
966 4861 1058 4908 crure
1083 4883 1094 4913 ,
1125 4843 1204 4932 quia
1227 4831 1352 4906 laborat
1384 4852 1501 4915 nervus
1531 4856 1662 4911 motum
1695 4854 1759 4908 aue

343 4941 471 5019 ⁴unstrut
496 4939 589 5038 patti-
605 4936 821 5018 transsondere
843 4932 1026 5014 consuetus:
1051 4937 1175 5012 Deinde
1198 4936 1286 5035 adili't
1310 4938 1467 5011 Galenus:
1489 4941 1575 5029 Qua
1591 4951 1760 5103 sauppe

1203 5209 1241 5250 N
