4534 5850
576 471 645 560 ηε
755 444 1634 534 armeniorum

538 662 540 666 -
579 620 723 712 Qsidam
748 639 850 712 nuper
873 615 1079 683 matrimonio
1101 608 1231 699 junsius
1259 630 1364 701 quum
1390 610 1441 674 ira
1462 599 1695 680 incanduisset,
1719 594 1802 671 febri
1825 616 1962 711 corripi·

425 737 463 805 7·
530 740 599 792 nir.
627 719 821 788 Nonduma
845 716 966 811 nuptiis
990 713 1054 780 dies
1073 709 1148 779 osto
1172 706 1416 776 intercesserant.
1444 697 1641 773 Verebamur
1666 724 1706 770 ne
1731 702 1959 802 eiphleboro·

530 821 596 888 mia
619 834 761 884 noceret.
788 816 910 881 Tamen
935 806 979 879 ob
1003 816 1166 902 ingentem
1191 801 1310 874 febrem
1334 798 1532 873 celebratur.
1559 804 1642 872 Satis
1664 802 1813 879 alacriter
1845 811 1923 882 tulit
1946 864 1956 894 2

529 910 590 990 Sed
614 917 696 984 intra
714 914 848 984 modum
872 907 1043 979 constitum
1066 905 1111 977 est
1135 955 1146 972 .
1170 909 1315 975 Exerevit
1336 895 1598 972 innumerabilem
1626 901 1805 973 humorum
1828 914 1952 1005 copiam

530 1037 586 1110 per
601 1015 728 1084 alvum.
757 1013 898 1104 languit
915 1009 1023 1105 plane.
1050 1001 1224 1076 lnssmnis.
1249 1005 1349 1077 Levia
1369 1004 1492 1072 deliria.
1520 999 1595 1071 1³0st
1615 1006 1764 1100 corporis.
1789 1014 1960 1105 purgatio..

527 1137 602 1183 nem
621 1117 779 1206 ingentem
793 1105 914 1179 sanitati
930 1106 976 1177 est
996 1104 1179 1177 restitutus.
1368 1164 1370 1169 .
1947 1186 1951 1193 ι

575 1214 689 1284 Servus
708 1213 752 1280 D.
771 1210 810 1277 de
825 1211 1004 1299 Longueire
1029 1201 1149 1273 morbo
1169 1199 1336 1301 prehensus
1363 1201 1428 1280 est,
1461 1204 1522 1295 qui
1548 1194 1618 1269 satis
1643 1198 1741 1272 sacilis
1766 1202 1955 1280 videbatur.

523 1312 594 1384 Nec
611 1297 788 1403 quicquam
804 1308 843 1376 de
862 1306 983 1375 sinistro
997 1326 1115 1374 eventu
1128 1299 1354 1396 cogitabatur.
1377 1304 1480 1371 Facies
1504 1325 1570 1368 non
1585 1296 1827 1385 collabebatur,
1851 1311 1952 1379 immo

524 1410 673 1507 paullum
691 1399 931 1478 intumescebat.
960 1399 1072 1474 Pulsus
1084 1422 1153 1475 erat
1171 1396 1399 1480 creberrimus,
1422 1396 1476 1470 sed
1499 1425 1566 1469 non
1585 1402 1713 1472 elatus.
1743 1406 1951 1500 Diligenriffi.¹

523 1531 574 1575 me
613 1527 745 1599 ungarus
762 1504 824 1574 est.
854 1499 956 1573 Febris
966 1505 1006 1574 ad
1017 1527 1154 1572 manum
1167 1506 1270 1570 mitis.
1291 1503 1675 1595 Qotusdiesageretur,
1696 1497 1950 1596 ignorabamus.

519 1534 687 1691 Pollione
713 1603 895 1683 nonnulla,
920 1603 1031 1671 deinde
1052 1594 1198 1700 copiosus
1224 1600 1337 1670 sudor.
1373 1599 1432 1670 Nil
1457 1602 1492 1667 in
1502 1594 1763 1696 pulliivariauitt
1785 1607 1950 1676 Eccedum

519 1724 579 1770 nos
595 1704 633 1771 de
649 1698 751 1771 salute
775 1705 975 1796 aliquantum
982 1701 1111 1770 olemus
1126 1694 1244 1780 securi;
1270 1706 1432 1792 ingentem
1450 1701 1572 1796 copiam
1582 1695 1744 1795 sanguinis
1758 1726 1818 1800 per
1832 1727 1950 1783 anum,

519 1801 682 1894 grumosr,
706 1805 875 1897 &partim
895 1799 1059 1880 floriduli,
1081 1803 1238 1869 excrevit.
1264 1801 1352 1867 Vires
1360 1799 1529 1867 detritaein
1537 1818 1718 1870 momento.
1745 1804 1950 1899 Hepatisali-

521 1919 687 1993 quantum
700 1894 827 1968 resoluti
840 1899 952 1993 aliqua
966 1900 1081 1968 indicia
1104 1915 1214 1968 erant.
1241 1898 1511 1966 Sudoresinanes.
1537 1894 1681 1978 ll'oorr'a.
1703 1902 1818 1970 Mors.
1841 1902 1891 1971 Sic
1915 1905 1948 1970 in

520 1993 644 2065 morbis
666 1992 783 2094 semper
800 1999 921 2068 adversi
938 1994 1012 2067 sunt
1027 2021 1142 2069 eorum
1167 2017 1299 2066 eventus
1325 1998 1512 2074 metuendi,
1536 1999 1630 2065 etiam
1645 1998 1671 2065 st
1684 1991 1783 2093 specie
1797 1994 1865 2094 ipsa
1893 2002 1951 2069 ali-

520 2098 604 2189 quid
613 2091 763 2193 sperabile
780 2096 936 2166 &illustre
950 2091 1104 2168 habeant.
1131 2100 1171 2163 ln
1179 2096 1274 2164 Petro
1285 2096 1332 2165 du
1344 2099 1428 2165 Four
1440 2093 1501 2165 sere
1516 2095 1603 2163 idem
1625 2093 1675 2163 die
1685 2095 1953 2170 undecimomor.

523 2188 557 2263 bi
564 2199 738 2288 contigerat
747 2242 758 2273 ,
784 2202 818 2265 δι
832 2194 983 2286 majorem
998 2204 1126 2294 copiam
1142 2215 1340 2268 excreverat·
1361 2199 1404 2265 Et
1416 2215 1523 2265 tamen
1538 2210 1649 2291 prater.
1665 2187 1749 2290 spem
1765 2198 1946 2265 convaluit.

521 2287 710 2365 Narrabant
726 2296 819 2363 illum
834 2289 959 2365 servum
985 2296 1260 2391 praedietumvino
1269 2319 1410 2374 meraco,
1435 2316 1539 2389 eoque
1546 2285 1716 2388 generoso,
1735 2295 1786 2361 uti
1793 2287 1946 2363 solitum.

573 2396 618 2461 D.
644 2392 741 2463 Dela
760 2393 895 2468 Mothe‚
919 2415 1026 2486 quum
1050 2418 1145 2463 conce
1169 2413 1225 2463 tus
1237 2399 1348 2492 opinio
1361 2397 1450 2472 esset,
1476 2384 1946 2489 magnumssuguinispernte-

519 2512 596 2562 rum
616 2493 838 2587 profluvium..
861 2484 1029 2561 Obstetrix
1050 2418 1206 2564 narrabat
1221 2494 1428 2585 cogitandum
1439 2492 1509 2561 :esse
1533 2493 1575 2560 de
1596 2491 1780 2588 expellendo
1801 2493 1911 2586 aliquo
1933 2541 1948 2572 ,.

520 2591 610 2686 quod
627 2593 663 2659 in
675 2610 768 2658 utero
783 2591 895 2662 inutile
916 2590 1055 2660 exsiliens
1069 2590 1157 2662 istius
1178 2593 1332 2689 profluvii
1348 2590 1462 2658 ausint
1481 2588 1572 2658 esset.
1599 2591 1873 2664 Medicamentum
1888 2593 1946 2661 da-

519 2707 614 2757 tum.
639 2686 785 2776 Clylier.
809 2690 947 2758 Dolores
967 2689 1180 2762 cessaverunt.
1213 2688 1312 2784 Qtod
1341 2689 1465 2758 dolores
1489 2686 1696 2767 cessavissent,
1728 2685 1945 2785 querebatur.

520 2781 707 2955 Exspesiare
721 2781 892 2867 debemus,
907 2789 1006 2858 donec
1018 2813 1084 2859 una
1103 2816 1180 2862 cum
1196 2806 1339 2887 tempore
1353 2810 1403 2857 res
1418 2792 1518 2881 magis
1542 2782 1742 2867 inclarescat,
1770 2810 1808 2860 ut
1832 2790 1882 2862 vel
1904 2791 1942 2858 de

522 2908 579 2986 prr

607 2886 662 2958 ἃο
676 2907 848 2984 correptu,
873 2888 923 2961 vel
936 2883 1020 2960 salsa
1031 2893 1294 2988 impraegnatione
1306 2892 1454 2959 certiores
1468 2889 1584 2960 fimus.
1604 2889 1699 2960 Tunc
1721 2888 1772 2959 hic
1796 2890 1879 2985 leges
1890 2889 1945 2959 ali-

521 3008 606 3083 quas
626 2986 872 3064 constituemus,
895 2983 1015 3083 quibus
1039 2995 1193 3063 cautiores
1209 3012 1267 3058 nos
1282 2988 1339 3059 clse
1347 3008 1492 3088 oporteat
1512 2992 1545 3056 in
1564 2989 1716 3057 medendo
1740 2984 1947 3067 mulieribus,

517 3087 613 3180 quod
628 3088 775 3160 medendi
794 3095 879 3158 ratio
895 3088 932 3157 fit
945 3087 1125 3185 periculosa,
1142 3098 1176 3162 &
1191 3083 1339 3184 operosa.
1374 3091 1445 3157 Nec
1470 3088 1551 3154 dum
1565 3089 1740 3177 quicquam
1758 3085 1946 3165 statuimus,

516 3184 617 3258 dorice
630 3190 713 3282 quid
730 3191 896 3268 acciderit,
921 3189 1185 3259 intellexerimus
1210 3186 1397 3254 Periclitatio
1413 3180 1563 3275 fugienda
1581 3181 1624 3249 est
1643 3182 1758 3251 valde.
1789 3189 1835 3253 Et
1863 3209 1947 3278 que·

519 3287 733 3359 madmodum
743 3309 929 3386 conceptus,
954 3291 1091 3358 retentio
1111 3288 1286 3362 mensium,
1306 3278 1536 3359 conformatio,
1561 3277 1949 3362 &omnecircaolmmln

515 3389 682 3478 negotium
706 3411 814 3461 unum
827 3407 955 3459 naturae.
968 3388 1006 3456 fit
1029 3387 1238 3464 miraculum
1262 3386 1310 3456 ita
1321 3376 1570 3457 retentiosetus,
1594 3382 1631 3447 δι
1653 3378 1810 3456 exclusio,
1841 3383 1946 3449 immo

511 3486 554 3555 bt
572 3488 615 3554 rei
633 3506 746 3558 ronna
757 3509 907 3559 naturam
919 3488 1065 3585 expulsio.
1076 3512 1185 3558 unum
1196 3510 1214 3556 e
1227 3503 1353 3554 naturae
1366 3474 1515 3581 operibus
1529 3475 1780 3547 maximumeir..
1802 3480 1846 3546 Et
1851 3480 1941 3570 quod

513 3576 596 3675 -saepe
614 3606 666 3651 ars
680 3609 749 3655 non
758 3584 855 3662 facit,
875 3610 935 3653 nec
955 3588 1145 3677 aggreditur
1159 3585 1308 3674 quidem,
1332 3582 1366 3647 id
1389 3601 1521 3654 natura,
1545 3579 1820 3666 magnoomnium
1834 3574 1942 3674 stupo-

518 3698 568 3753 re,
594 3682 735 3770 perficit.
757 3682 806 3746 Sic
824 3681 971 3744 Medicos
1029 3688 1093 3745 tius
1109 3675 1314 3772 spetiatores‚
1334 3698 1432 3767 quam
1449 3674 1569 3741 actores
1585 3671 1642 3740 else
1652 3693 1797 3769 oportet.
1823 3678 1938 3767 Qum

514 3770 625 3941 {iffi
636 3772 782 3853 desiiset,
806 3774 920 3865 aliquo
927 3704 1147 3871 pdlsempore
1163 3778 1280 3860 majore
1289 3776 1414 3869 impetu
1432 3770 1661 3870 fluerecoepit„
1682 3778 1717 3844 &
1731 3773 1941 3844 nilexcrerum

626 3888 773 3940 matum.
1284 3927 1289 3938 .
1587 3909 1589 3913 ·

569 3968 689 4043 filiola
700 3974 745 4042 D.
761 3969 904 4042 Santucil
926 3967 1054 4040 biliosis
1071 3972 1217 4042 notanda
1238 3970 1306 4051 eli,
1324 3995 1386 4043 nee
1410 3972 1496 4042 dum
1515 3987 1650 4044 eventus
1668 3969 1717 4042 eli
1733 3969 1936 4043 manifestus.

467 4095 480 4144 ·,
516 4067 641 4139 Tamen
664 4094 769 4164 quum
792 4072 827 4137 in
852 4091 991 4163 utroque
1007 4065 1140 4140 brachio
1165 4074 1245 4140 circa
1265 4068 1411 4143 cubitum
1427 4091 1539 4141 rumor
1556 4072 1682 4163 insignis
1696 4066 1832 4142 obortus.
1844 4071 1939 4151 esset,

395 4195 397 4200 ·
517 4167 759 4265 epustularum
773 4171 938 4262 eruptione
955 4170 1122 4264 reliquus,
1142 4193 1284 4264 magnus
1294 4167 1386 4240 nobis
1405 4168 1471 4240 suit
1483 4173 1699 4267 corruptionis
1717 4169 1794 4244 ollis
1815 4188 1933 4240 metus.

509 4266 723 4362 Applicitum
739 4268 800 4336 uni
814 4258 949 4336 brachio.
982 4276 1162 4359 yroticum,
1180 4292 1287 4363 quum
1304 4271 1346 4340 dit
1358 4293 1443 4366 pure
1453 4272 1564 4369 opinio
1578 4268 1673 4349 esset,
1693 4272 1934 4360 nullumtamen

521 4362 636 4431 fluxit.
664 4365 838 4463 Propterea
850 4366 941 4435 alteri
955 4292 1084 4437 brachio
1091 4369 1267 4438 admotum
1274 4381 1341 4438 non
1355 4369 1419 4447 esi,
1442 4393 1551 4465 quum
1564 4390 1675 4443 tamen
1689 4369 1846 4470 applicare
1856 4393 1934 4437 con·

517 4462 622 4532 silium
638 4463 728 4535 esset.
753 4467 803 4535 Sic
819 4468 852 4534 in
871 4466 1024 4537 medendo
1039 4468 1129 4539 valde
1143 4488 1254 4538 cautos
1271 4469 1328 4540 else
1343 4488 1486 4568 oportet,
1509 4478 1751 4567 necquicquam
1761 4470 1937 4540 cannan-

516 4561 619 4633 dum..
641 4567 688 4635 Ac
704 4559 877 4666 presertim
892 4570 926 4637 in
942 4562 1122 4670 puerilibus
1137 4570 1311 4642 trastandis
1329 4564 1519 4673 corporibus
1533 4590 1648 4646 cautos
1659 4575 1696 4640 δι
1715 4567 1852 4644 remissos
1874 4567 1937 4641 else

515 4680 669 4757 oportet·r

349 4736 486 4817 ΨΜ*
564 4764 640 4857 Qii
661 4766 722 4847 lit,
741 4784 781 4837 ut
795 4771 829 4837 in
846 4764 993 4842 febribus
1003 4779 1185 4867 quartanis,
1209 4776 1365 4845 &inultis
1375 4734 1527 4854 erraticis,
1551 4768 1594 4845 ab
1606 4731 1932 4845 humoremelancho·

347 4819 450 4980 me
504 4862 576 4932 ,lieo
592 4866 691 4943 natis,
712 4855 840 4940 summa
858 4870 895 4938 stt
910 4873 1140 4967 inappetentia,
1166 4891 1205 4942 ut
1219 4878 1256 4942 in
1269 4869 1438 4943 Damlsella
1452 4875 1492 4943 de
1506 4875 1537 4942 la
1547 4880 1710 4966 migenne,
1734 4894 1812 4965 quae
1822 4870 1930 4938 binsu-

348 4975 485 5055 mms‚&
512 4955 628 5037 natvs,
651 4957 709 5035 illu
733 4959 806 5056 velt
829 4962 873 5044 ult
905 4969 1059 5057 wrm&
1083 4966 1184 5045 resae
1208 4994 1218 5053 ς
1242 4976 1284 5044 Et
1306 4992 1413 5045 tamen
1436 4966 1931 5083 suetusruelaneholicusorexin

348 5083 443 5125 tamen
560 5132 562 5135 ¹
683 5104 686 5115 ·
1752 5087 1888 5139 exertat..
