4534 5850
546 483 628 556 ET
680 473 1450 557 EPHEMERJDU'M,L1u
1501 476 1543 542 11.
1650 496 1712 542 121

400 628 533 699 Mirum
557 627 589 694 id
614 627 653 695 de
675 648 743 718 quo
757 630 962 721 conqueritur
978 626 1134 721 quidam.
1163 629 1219 696 Ait
1235 627 1320 695 enim
1337 618 1395 693 fibi
1409 623 1551 692 dolorem
1566 620 1623 692 esse
1641 628 1675 691 in
1694 629 1770 691 uena¹
1845 616 1877 686 4·

342 727 469 796 triculo
489 748 570 824 pene
595 717 839 794 intolerabilem.
866 731 907 797 Et
932 727 1069 796 isdolor
1085 719 1309 803 exacerbatur,
1333 726 1471 793 maxime
1495 745 1603 814 quum
1629 715 1712 790 bibit
1721 723 1771 792 vi·

351 848 457 896 num.
483 827 524 893 Et
539 824 620 892 illud
635 817 799 922 sumptum
820 825 946 921 aliquot
962 822 1034 922 poll
1051 825 1138 893 horis
1153 831 1282 896 vomitu
1296 827 1423 917 cogitur
1446 821 1627 891 excludere.
1662 822 1692 889 A
1719 842 1771 888 ce-
1844 836 1872 899 ς.

344 930 424 994 teris
439 929 561 992 nonita
575 922 767 992 offenditur.
798 925 897 994 Unde
916 924 999 991 hoca
1024 924 1349 1020 Hypochondriacum
1375 922 1454 990 illud
1477 919 1534 988 elle
1551 920 1692 990 viderur.
1729 921 1772 987 Et

348 1023 409 1119 phl
473 1021 508 1089 tis
523 1018 567 1089 est
574 1067 586 1098 ,
610 1026 644 1091 δι
669 1016 725 1090 dis
759 1023 829 1091 sitio
854 1015 1081 1120 inexplicabilis
1104 1045 1142 1092 ea
1166 1029 1201 1091 in
1225 1039 1334 1121 parte.
1360 1020 1448 1088 Idem
1471 1012 1673 1111 contingebat
1696 1039 1772 1085 mu·

341 1121 409 1190 lieri
439 1120 587 1217 plenicae,
612 1125 646 1190 δι
664 1046 916 1192 neisncholrcae.
942 1124 1076 1194 sienim
1093 1115 1263 1193 hauriebat
1282 1122 1394 1190 vinum
1420 1111 1555 1194 album,
1577 1117 1667 1184 dolor
1683 1117 1715 1183 in
1731 1115 1771 1183 si-

340 1217 441 1287 nistro
454 1218 696 1317 hypochondtio
729 1239 799 1290 erat
831 1216 1054 1292 intolerabilis.
1088 1223 1176 1291 Idem
1201 1221 1331 1307 Jolserio
1359 1218 1559 1287 Procuratori
1585 1208 1771 1287 evadebat.-

344 1317 428 1387 Vide
442 1320 535 1412 quod
550 1337 624 1388 ante
640 1312 870 1417 scriptumest.
1109 1342 1116 1355 ·

392 1416 444 1501 Jo:
468 1412 676 1488 Chalumeeu
692 1440 791 1489 antron
805 1442 899 1492 natus
924 1446 977 1512 50.
996 1441 1054 1491 aut
1071 1422 1144 1521 plus
1160 1445 1218 1501 eo,
1241 1441 1371 1518 corpore
1386 1413 1531 1513 squalido
1551 1419 1585 1484 &
1602 1404 1773 1484 visceribus

341 1517 526 1612 parimodo
542 1517 679 1596 adeost,
704 1520 885 1617 nephriticis
902 1515 1121 1618 symptomatis
1137 1519 1340 1591 conflie‘iatus
1364 1517 1422 1586 est.
1452 1515 1555 1587 Dolor
1573 1516 1672 1584 fixus.
1706 1514 1771 1580 Ex-

345 1617 444 1684 crttio
458 1617 689 1688 nonnullorum
705 1619 852 1716 lapidum
870 1644 908 1690 ex
923 1621 1109 1692 intervallis.
1138 1621 1211 1690 Ren
1230 1617 1345 1689 smister
1359 1618 1464 1715 lapide
1487 1614 1622 1707 angulos
1637 1604 1771 1680 obtusos

342 1706 482 1784 habente
495 1710 631 1785 obsessus
644 1715 708 1785 est.
733 1720 773 1784 In
798 1722 928 1788 utereris
951 1723 1140 1818 principium
1166 1719 1375 1816 implantatus
1396 1717 1434 1782 de
1458 1708 1604 1782 rehensus
1629 1709 1673 1778 cst
1699 1705 1780 1804 post·

341 1830 533 1883 anatomen.
553 1808 660 1881 Febris
681 1811 827 1886 conclusa
845 1819 916 1913 plus
936 1821 969 1885 in
991 1817 1125 1895 recessu,
1174 1841 1249 1886 uam
1265 1822 1298 1885 in
1319 1812 1423 1882 fronte
1436 1741 1580 1886 babens,
1604 1805 1769 1876 adustio&

346 1904 498 2002 squalor.
525 1905 816 1984 Extimushabitus
829 1908 978 1985 alsrosus.
1006 1917 1134 2009 Lingua
1150 1843 1302 2009 squalida
1325 1916 1360 1981 δι
1385 1908 1569 1980 horridula.
1603 1902 1717 1974 AEstus
1732 1907 1768 1972 &

347 2009 412 2091 ¹11ss
419 2057 427 2074 ·
445 2002 585 2092 Meiebut
603 2010 678 2106 plus
691 2009 793 2097 justo.
823 2015 931 2083 Urina
956 2037 1078 2107 aquea,
1100 2016 1211 2111 plane.
1238 2013 1355 2083 Sensrrn
1370 2003 1530 2080 extabuit.
1558 1999 1691 2076 Diabete
1717 2007 1769 2072 in·

341 2108 441 2175 teriit.
468 2106 541 2174 Ren
558 2107 637 2177 alter
649 2109 755 2205 lapide
771 2135 838 2181 non
853 2107 1014 2192 obsessus,
1038 2111 1120 2199 justo
1139 2116 1245 2181 minor
1259 2132 1349 2190 ctat,
1367 2116 1401 2181 &
1419 2133 1500 2208 pene
1514 2101 1667 2204 collapsus
1681 2120 1767 2173 erat.

344 2205 383 2272 ln
401 2204 500 2273 altero
523 2205 556 2274 la
580 2209 606 2274 is
630 2208 799 2303 praelietus
824 2206 1032 2309 deprehensus
1054 2209 1115 2280 cst.
1152 2213 1295 2281 Nullum
1324 2201 1601 2279 commemorabile
1636 2205 1772 2276 vitium,

344 2303 439 2468 puod
456 2296 516 2371 sub
531 2231 689 2373 obtutum
704 2306 824 2373 caderet
849 2359 857 2374 .
885 2311 944 2378 Sed
964 2303 1096 2376 morbus
1117 2315 1260 2404 partium
1280 2304 1358 2406 saepe
1375 2308 1423 2379 rit
1436 2304 1506 2378 sors
1529 2296 1612 2373 tiet'ae
1653 2297 1713 2375 est>
1737 2301 1773 2365 &

361 2424 427 2498 aepe
443 2401 507 2472 sitis
522 2400 567 2471 est
581 2424 696 2472 renum
715 2407 838 2476 irritata
854 2403 1003 2476 facultate
1027 2408 1224 2476 attrastrice.
1252 2411 1292 2475 Et
1312 2408 1363 2474 hic
1389 2398 1520 2472 morbus
1552 2391 1774 2494 inexplicabilis

349 2496 487 2570 estsere.
514 2504 621 2570 Immo
645 2502 768 2600 hepatis
794 2500 956 2592 swupaot'oe
964 2553 977 2586 ‚
1002 2510 1037 2575 &
1057 2529 1210 2576 venarum
1228 2529 1302 2573 cum
1318 2498 1518 2599 dispostione
1531 2495 1709 2567 sturnorum
1723 2498 1775 2562 ni-

344 2593 447 2676 trosa,
472 2603 508 2669 δι
531 2594 740 2694 salsuginosa,
765 2599 853 2674 facile
877 2607 1136 2675 communicatur
1160 2598 1307 2673 renibus.
1344 2601 1477 2673 Accedit
1493 2597 1581 2692 quod
1606 2597 1648 2665 ad
1671 2612 1775 2694 partes

345 2691 524 2770 laborantes
537 2696 627 2771 facile
647 2696 746 2771 setosa
770 2724 965 2773 excrementa
999 2705 1222 2802 depelluntur,
1256 2707 1290 2772 δι
1322 2701 1510 2771 confluunt.
1545 2692 1691 2791 Qaestio
1716 2692 1775 2763 elie

408 2795 469 2874 est,
491 2801 657 2890 quomodo
674 2823 729 2869 ren
750 2819 816 2872 tam
835 2804 916 2873 male
932 2803 1064 2874 affestus
1092 2797 1195 2872 serum
1218 2825 1237 2871 a
1261 2797 1413 2895 sanguine
1441 2794 1587 2868 secernit?
1618 2818 1676 2863 eur
1710 2816 1778 2861 non

366 2898 541 2990 anguinem
555 2890 711 2967 saniosum
730 2903 764 2969 &
784 2894 940 2983 fetosum,
964 2923 1022 2971 aut
1041 2898 1145 2972 serum
1174 2895 1453 2998 sanguinolentum
1477 2889 1655 2995 praeterlabi
1680 2893 1775 2962 snite

348 2996 389 3065 ld
413 2989 562 3093 pluribus
587 2998 808 3096 explicandum
834 2997 932 3069 foret.
959 3003 1046 3071 Nam
1071 3025 1177 3093 quum
1201 3022 1344 3093 quatuor
1369 3002 1429 3066 sint
1454 3002 1486 3065 in
1510 3015 1597 3093 parte
1614 2992 1778 3063 fircultates

349 3088 393 3165 ab
416 3095 575 3165 elementis
598 3094 766 3193 profesta,
790 3122 855 3168 una
880 3097 982 3197 potest
1016 3092 1161 3168 laborare
1182 3103 1304 3192 integra
1328 3100 1444 3172 altera,
1478 3113 1574 3190 prout
1608 3093 1782 3185 qualitas,

353 3218 426 3288 qua
449 3217 519 3265 eam
544 3191 726 3267 facultatem
749 3203 840 3290 juvat
863 3203 899 3269 δι
924 3196 1028 3277 soret,
1054 3204 1164 3296 potios
1172 3193 1326 3268 laborarit
1334 3218 1435 3289 quam
1444 3192 1528 3261 alia.
1555 3190 1677 3259 Accidit
1689 3187 1783 3282 quod

354 3315 430 3371 ren,
454 3296 875 3393 tamquamoffieialiapars3
892 3300 1081 3393 potaverit,
1106 3318 1144 3366 ut
1161 3321 1233 3391 qua:
1250 3297 1322 3393 plus
1329 3294 1509 3370 attraxerit,
1522 3312 1624 3384 quam
1631 3306 1784 3385 oportue-

352 3394 416 3469 rita
441 3412 509 3461 tam
533 3415 612 3460 uam
629 3417 701 3489 pars
726 3397 870 3490 privata,
893 3419 959 3462 non
984 3395 1102 3461 desierit
1120 3397 1253 3469 nutriri,
1277 3394 1361 3459 unde
1385 3390 1474 3459 facile
1498 3395 1532 3457 &
1550 3384 1630 3455 belle
1656 3381 1784 3454 secrevit

353 3485 460 3559 serum
476 3512 495 3559 a
509 3417 683 3581 sanguine.
709 3494 750 3559 Et
764 3513 869 3582 quum
885 3484 1012 3581 sanguis
1026 3490 1167 3557 multum
1185 3482 1329 3557 habuerit
1354 3482 1409 3555 seri
1427 3533 1438 3562 ,
1461 3479 1588 3575 ejusque
1615 3485 1723 3550 nitroli
1748 3486 1786 3549 &

348 3588 448 3667 mali,
471 3610 616 3686 paucum
627 3582 797 3658 laudabilis
805 3582 904 3676 succi:
920 3612 985 3657 non
1002 3592 1119 3657 mirum
1137 3588 1159 3655 si
1184 3587 1307 3655 malurn
1325 3586 1412 3655 malo
1428 3582 1631 3652 cumulatum
1665 3576 1786 3648 suerit.

352 3692 457 3757 Immo
474 3678 555 3785 saepe
572 3709 626 3755 ren
648 3687 773 3761 austior
796 3686 885 3758 est&
911 3693 1033 3779 major,
1057 3682 1105 3756 sed
1124 3711 1189 3754 non
1207 3685 1377 3754 commodo
1391 3706 1568 3777 agrotum.
1596 3681 1683 3748 ldem
1697 3683 1786 3749 enim

351 3790 528 3881 contingit,
553 3788 644 3881 quod
659 3792 695 3858 δι
711 3790 747 3858 iis
769 3836 780 3867 ,
804 3782 926 3880 quibus
949 3786 1009 3856 lien
1043 3791 1143 3875 major
1166 3784 1236 3855 est.
1263 3788 1473 3883 Hippocrates
1498 3800 1605 3851 autem
1630 3774 1747 3877 scripsit
1772 3824 1785 3856 ,

352 3934 377 3969 ,‚
401 3881 522 3979 quibus
546 3887 609 3954 lien
642 3882 806 3957 efflorescit
827 3935 839 3966 ,
862 3890 900 3957 iis
915 3907 1032 3983 corpus
1057 3889 1235 3957 minuitur.
1262 3886 1344 3956 Vide
1369 3879 1462 3980 supra
1486 3879 1651 3951 historiam
1676 3880 1783 3950 viduae

354 4033 378 4069 ‚,
406 3976 556 4054 Barnabae
592 3985 760 4057 Panthou.

404 4077 536 4155 Nobilis
558 4085 690 4178 quidam
716 4109 754 4155 ex
785 4109 871 4182 equo
902 4086 1035 4158 decidit.
1072 4086 1239 4155 Attonitus
1262 4084 1409 4154 remansit
1440 4082 1496 4150 diu
1524 4073 1612 4146 satis.
1645 4070 1784 4173 Copiose

354 4181 454 4253 fluxit
470 4180 597 4278 sanguis
613 4208 652 4254 ex
670 4208 747 4256 aure
761 4184 899 4256 surlstra.
930 4181 1129 4257 Verebamur
1145 4186 1184 4254 de
1207 4181 1348 4254 inaura
1372 4184 1485 4253 crartii.
1520 4179 1644 4248 Tamen
1674 4176 1783 4253 audio,

355 4283 450 4354 illum
470 4284 525 4353 tali
540 4278 698 4376 ssnguinis
724 4285 819 4355 fluxu
845 4280 1036 4355 liberatum.
1831 4346 1836 4357 .

405 4381 550 4480 Q¹²ffl0
573 4381 618 4453 est
642 4409 708 4451 non
731 4386 962 4456 contemnenda
986 4386 1025 4456 de
1048 4380 1244 4473 jusculorum
1270 4377 1331 4453 usu
1356 4382 1398 4451 ad
1422 4380 1582 4475 analrpstn
1608 4382 1642 4447 δι
1668 4378 1786 4471 impin·
1802 4344 1946 4484 353³!ng-

356 4489 572 4577 guntionern.¹
588 4484 672 4552 Sunt
689 4486 747 4575 qui
765 4478 984 4577 frequentibus
1002 4479 1126 4573 jusculis
1151 4503 1310 4561 utuntur,
1326 4500 1408 4556 -tum
1431 4500 1469 4549 ut
1495 4472 1669 4546 habitiotes
1693 4478 1784 4548 liant,
1804 4501 1839 4574 ά
1856 4421 1953 4646 ,abq-

362 4602 435 4652 rum
451 4601 489 4651 ut
503 4583 596 4654 alum
615 4585 743 4650 nonita
758 4579 882 4651 astri&
897 4584 954 4652 stt.
982 4583 1061 4653 Aliis
1075 4583 1108 4650 id
1132 4608 1196 4651 non
1213 4584 1331 4679 placet.
1358 4581 1449 4648 Nam
1475 4572 1696 4644 intestinorum
1715 4593 1785 4640 cor·
1802 4587 1882 4664 fign,
1889 4588 1946 4645 ,1-

358 4683 538 4776 ruptionem
553 4704 591 4751 ex
609 4679 767 4775 frequenti
783 4674 981 4768 jusculorum
999 4686 1034 4752 δι
1049 4701 1156 4749 rerum
1170 4680 1367 4775 liquidarum
1391 4671 1452 4744 usu
1469 4669 1617 4769 consequi
1633 4673 1786 4770 possepu·
1799 4667 1948 4748 suaeda-

359 4797 450 4847 tant.
475 4780 565 4848 Nam
581 4785 616 4851 &
632 4778 720 4850 seces
735 4782 939 4876 liquidiores,
963 4783 997 4849 &
1022 4801 1108 4873 aqua
1124 4779 1228 4867 dilate
1246 4776 1438 4848 foetentiores
1455 4767 1547 4843 sunt.
1575 4776 1655 4840 Item
1680 4790 1787 4863 quum
1801 4751 1886 4826 sim

360 4872 467 4947 strum
482 4871 673 4949 morborum
690 4884 826 4950 maxime
845 4882 881 4949 st
897 4901 1025 4979 parens,
1049 4876 1232 4949 srintestina
1266 4876 1371 4946 multo
1392 4876 1530 4943 humore
1565 4869 1733 4945 madeant,
1763 4833 1948 4991 srsp'ssm

364 4979 466 5077 hepar
488 4976 628 5051 multum
644 5001 736 5075 aquae
750 4979 919 5062 attrahat,
932 4974 1058 5073 anguis
1075 4980 1114 5049 fit
1128 4971 1275 5053 serouor,
1299 4980 1334 5045 dc
1359 4973 1501 5070 hepatis,
1525 4962 1790 5133 immamus
1859 5005 1892 5112 6.
