4534 5850
605 443 848 523 DEFINIT.
875 445 1260 524 MEDICARUM.
1312 451 1386 525 TO.
1413 471 1448 532 Γ.
1645 482 1710 533 201

352 594 406 670 lus
424 596 596 669 nonnullas
610 599 748 669 aliorum
769 619 806 666 ea
823 598 863 665 de
881 618 914 666 re
930 588 1093 695 opiniones
1109 598 1286 674 adducere,
1311 591 1383 666 satis
1397 591 1524 667 abunde
1539 599 1759 673 iridieansnori

351 690 407 766 fibi
424 722 540 799 parum
558 697 695 767 constare
720 696 802 791 quid
818 698 891 764 'hac
914 721 991 768 voce
1018 699 1093 769 velit
1115 700 1324 795 Hippocrates
1345 719 1371 759 .·
1391 697 1462 765 Nos
1479 697 1657 784 conjeslunr
1677 706 1766 772 niro·

350 820 426 866 mur
445 846 456 879 ,
491 798 614 890 quidve
637 791 730 865 nobis
759 795 907 865 videatur
924 798 1080 894 intrepide
1100 802 1301 893 aperiemus.
1326 793 1449 864 'resno
1465 798 1669 895 Hippocratis
1686 799 1763 877 esta*

351 940 374 974 ,‚
402 892 597 974 adaer'o'rpul
612 889 684 961 naal
700 891 810 958 Mmlv
824 890 925 961 λῗόνια
945 888 1106 972 ἀλγήματα
1119 890 1188 969 rupo}
1202 885 1382 959 waldon
1394 886 1564 976 κοφὸμῆια,
1580 893 1759 962 dorcinca!

350 1039 373 1070 „
396 993 459 1071 ἃμα
471 993 585 1076 πυρετῷ
593 1039 604 1070 ,
631 986 739 1057 doun
758 990 786 1065 ἔς
808 989 938 1071 arnald
954 988 1081 1070 ἄλγημα
1094 987 1211 1057 odwin
1232 986 1328 1054 iasio
1350 987 1442 1056 nrtltn
1458 985 1537 1070 iiio,
1553 988 1641 1081 Ἑὸπῳ
1663 1021 1759 1059 ωασ-

349 1136 373 1169 ,,
396 1087 508 1168 uida.
541 1084 735 1179 Qibusad
760 1084 889 1159 lumbos
912 1112 1021 1160 tenues
1044 1111 1080 1160 ac
1103 1091 1248 1159 diuturni
1272 1088 1422 1167 dolores,
1456 1093 1574 1160 circum
1607 1095 1755 1162 deutrum

348 1235 371 1266 2,
396 1190 685 1287 Hypochondrium
709 1183 768 1258 sele
790 1191 1012 1269 revehentes,
1043 1213 1102 1259 nec
1131 1215 1197 1257 non
1222 1188 1412 1259 aversionem
1437 1182 1583 1259 ciborum
1607 1193 1759 1262 inducen-

348 1334 369 1368 ‚‚
394 1305 455 1369 tes,
478 1291 516 1357 iis
540 1289 565 1356 sr
586 1287 679 1356 dolor
703 1292 840 1358 intentus
864 1291 905 1359 ad
931 1307 1030 1386 caput
1063 1283 1217 1387 repstrit,
1252 1284 1356 1358 statim
1389 1288 1511 1358 homini
1545 1292 1683 1364 necando
1713 1289 1770 1361 est'

347 1432 370 1462 „
417 1389 538 1458 nodam
554 1387 765 1458 convulsionis
776 1388 890 1458 modo.
919 1388 1009 1458 Male
1017 1405 1124 1458 autem
1137 1388 1250 1457 Latine
1267 1387 1405 1454 reddidit
1415 1381 1576 1462 carinam
1587 1385 1739 1472 21quae
1745 1433 1759 1468 ‚

346 1409 485 1555 Dcllores
507 1505 630 1564 euntes,
654 1510 759 1580 quum
786 1511 870 1559 nova
893 1486 951 1558 hac
976 1511 1053 1559 voce
1078 1491 1305 1584 proprietatem
1329 1487 1474 1581 aliquam
1491 1479 1683 1556 subindicare
1703 1508 1759 1558 ve-

343 1583 402 1650 lit.
430 1585 571 1662 Melius,
594 1585 718 1656 dolores
742 1587 933 1667 revolutos,
967 1586 1118 1656 retrasios
1143 1579 1353 1679 reduemsque
1377 1590 1567 1656 verteremus
1591 1612 1600 1653 ε
1633 1602 1672 1656 ut
1696 1585 1762 1652 ho'

345 1705 418 1750 runi
444 1679 712 1779 caula-primaria
736 1685 776 1752 he
818 1683 912 1754 teile
937 1686 1101 1756 videatur:
1129 1686 1188 1755 llia
1212 1703 1322 1755 autem
1347 1680 1429 1752 sedes
1454 1688 1488 1752 δι
1514 1685 1600 1752 locus
1625 1690 1659 1752 in
1685 1690 1761 1776 quo'

345 1778 559 1871 restagnantes
582 1778 751 1877 residesque
774 1707 909 1851 luflcrint'.
934 1787 979 1852 Ex
1003 1809 1071 1879 quo
1097 1787 1168 1854 loco
1184 1787 1312 1853 candem
1331 1803 1535 1875 ,ta-mquam
1559 1787 1661 1879 prima
1688 1777 1761 1850 sede

346 1878 477 1956 renea,
501 1879 709 1951 revolvantur
732 1881 1016 1976 retrahanturque.
1043 1885 1113 1954 Noc
1137 1876 1193 1954 abs
1217 1907 1250 1953 re
1274 1904 1325 1951 eos
1349 1882 1472 1949 dolores
1495 1883 1528 1946 in
1552 1875 1670 1950 lumbis
1682 1881 1757 1949 diu-

344 1993 463 2044 turnos
484 1978 551 2047 eise
586 1980 686 2056 vult,
719 1975 769 2048 sed
800 1983 859 2074 qui
891 1977 972 2052 exas
1002 2002 1112 2052 rentur
1145 1981 1404 2084 repullulentqrie
1435 1985 1569 2048 materia
1601 1981 1759 2049 diuturno

278 2107 291 2148 a·
344 2094 488 2172 tempore
510 2079 656 2154 eri'erata,
680 2077 720 2144 ad
746 2079 780 2146 id
793 2074 933 2166 iuvante
986 2075 1062 2160 bre,
1086 2090 1175 2174 cnjus
1200 2083 1367 2159 meminit,
1392 2104 1469 2174 quae
1492 2072 1581 2150 brevi
1606 2080 1760 2147 humores

343 2179 539 2244 eontamInat
563 2198 599 2244 ac
624 2177 751 2245 efferat.
779 2179 820 2245 Er
844 2203 949 2271 quum
975 2177 1200 2278 exasperantur
1224 2183 1346 2250 dolores
1371 2180 1411 2247 acl
1437 2179 1535 2274 hepar
1560 2172 1661 2270 'usqne
1687 2199 1758 2272 per-

344 2274 476 2364 tingunt
501 2273 600 2344 veluti
624 2274 748 2343 reduffi
772 2292 882 2344 autre
906 2279 992 2346 litati
1025 2280 1099 2359 (ut
1124 2282 1163 2347 src
1187 2276 1335 2372 loquar)
1368 2277 1460 2369 quod
1483 2277 1535 2345 vel
1558 2270 1762 2342 membrana-

345 2392 423 2438 rum
447 2375 636 2442 continuitas
657 2372 780 2443 efficere
806 2301 925 2470 potel.
954 2379 1002 2443 Ac
1025 2377 1116 2443 initio
1141 2381 1296 2453 materia,
1332 2375 1393 2443 srve
1418 2367 1463 2441 ab
1486 2373 1598 2469 hepate
1621 2381 1758 2463 genita,

345 2469 409 2540 five
431 2471 466 2538 in
490 2465 633 2542 mesaraeo
654 2492 758 2542 creata
781 2494 817 2541 ac
841 2466 1007 2551 cohibita,
1042 2491 1108 2544 erat
1133 2468 1262 2553 sissia,
1291 2467 1341 2544 sed
1366 2473 1504 2540 deterior
1527 2473 1565 2540 fit
1589 2488 1759 2568 tempore,

343 2571 380 2636 δι
402 2561 519 2638 febrem
529 2594 602 2665 quae
612 2571 717 2646 trado
741 2581 895 2669 temporis
919 2565 1068 2652 succedit,
1093 2578 1128 2642 &
1153 2567 1301 2635 Υπνσιτίυ
1325 2571 1466 2645 inducit,
1490 2571 1531 2637 de
1553 2573 1668 2663 quain
1685 2594 1762 2637 con·

343 2684 432 2735 textu
457 2670 694 2766 Hippocrates,
712 2675 812 2742 Dum
835 2690 944 2741 autem
969 2668 1080 2744 vitiosa
1108 2671 1229 2740 reddita
1254 2667 1297 2737 est
1321 2664 1380 2738 sese
1405 2665 1462 2737 suo
1485 2687 1569 2738 nutu
1594 2692 1631 2738 ac
1645 2671 1763 2739 ulmo-¹

348 2785 420 2845 vet,
445 2767 520 2834 hinc
544 2769 667 2836 dolores
690 2770 731 2837 ad
757 2769 995 2863 hypochondria
1019 2763 1199 2852 utvlvsaor.
1226 2772 1267 2837 Et
1292 2765 1398 2838 rursus
1423 2774 1555 2838 incitata
1580 2775 1697 2861 magis,
1722 2772 1760 2841 δε

344 2865 369 2931 sr
390 2866 486 2934 dolor
508 2866 691 2934 intendatur
714 2887 851 2957 quaqua
871 2864 976 2934 versus
1000 2869 1208 2943 diffunditur,
1231 2890 1267 2936 ac
1291 2872 1426 2938 maxime
1449 2886 1547 2965 caput
1569 2865 1656 2947 ferit,
1681 2868 1759 2937 hinc

344 2986 399 3060 per
421 2963 514 3035 istam
538 2957 689 3039 μιτάςασιν
713 2963 904 3031 convulfivat
926 2963 1127 3031 affectiones.
1155 2965 1206 3031 Sic
1232 2989 1296 3030 non
1320 2959 1376 3031 aba
1400 2988 1433 3033 re
1457 2968 1566 3053 adjecit
1575 2971 1760 3064 Hippocra-

342 3109 364 3140 „
389 3080 456 3131 tes:
480 3067 545 3134 His
568 3064 661 3131 dolor
685 3065 822 3132 intentus
847 3063 886 3128 ad
912 3079 1039 3164 caput,
1072 3065 1107 3128 &
1142 3082 1217 3151 quae
1242 3056 1377 3152 surgunt
1401 3057 1610 3157 symptomata
1633 3061 1759 3135 causam

343 3156 388 3230 sui
413 3157 588 3254 agnoscunt
611 3160 892 3232 illum³occultum
917 3163 1007 3231 virus
1030 3160 1119 3254 quod
1145 3158 1327 3228 cunctantes
1352 3165 1386 3225 in
1411 3153 1504 3227 ilibus
1531 3160 1680 3230 humores
1703 3186 1757 3230 ac-

344 3262 516 3354 quisivere.
543 3264 583 3330 Et
608 3282 647 3331 ut
671 3284 743 3333 vere
766 3261 870 3327 dicam
894 3258 988 3327 dolor
1012 3257 1066 3327 iste
1090 3251 1277 3339 saussaius,
1302 3258 1394 3327 iliaco
1418 3257 1591 3327 simillimus
1612 3258 1672 3338 est,
1696 3285 1760 3329 un-

343 3361 383 3428 de
408 3379 524 3428 veteres
548 3378 587 3426 ut
608 3380 741 3428 annotat
764 3359 879 3426 Calin
895 3361 1023 3428 Comm.
1050 3363 1084 3425 in
1109 3359 1219 3453 partic.
1246 3353 1336 3425 istam
1361 3355 1484 3425 dolores
1508 3352 1672 3442 yprerpsi'sg
1687 3383 1760 3439 ¹vo-

344 3475 460 3525 carunt
484 3449 652 3529 έλυμῖνϊς.
676 3461 763 3555 Qu:
787 3482 850 3527 vos
874 3456 927 3522 ino
942 3456 1136 3531 manduci,
1160 3477 1179 3522 a
1203 3477 1273 3547 quo
1297 3448 1458 3532 &enda
1482 3456 1671 3524 derivatur.
1706 3459 1758 3524 Sic

299 3641 303 3648 Ι
344 3547 511 3633 suffusum
535 3558 571 3622 dc
596 3548 741 3633 cli-Mor
765 3550 935 3647 synonyma
957 3550 1029 3623 sunt
1052 3555 1163 3646 aliquo
1184 3553 1308 3621 modo,
1341 3557 1382 3622 Et
1406 3575 1445 3620 ne
1467 3561 1540 3646 quis
1569 3546 1626 3620 abs
1651 3576 1683 3621 rc
1707 3554 1757 3621 di-

345 3674 397 3723 eat
422 3674 480 3720 nos
505 3652 629 3720 dolores
653 3649 823 3733 narrasse,
848 3656 942 3723 iliacis
967 3653 1078 3721 similes
1103 3651 1245 3730 asserere,
1270 3672 1480 3751 preterquam
1504 3652 1596 3745 quod
1619 3651 1759 3721 affinitas

344 3754 576 3845 significationis
599 3745 800 3835 verborum,
825 3746 1031 3832 praesessor&
1051 3744 1224 3829 transpirat
1248 3753 1415 3830 infinuat,
1439 3750 1504 3820 huc
1529 3747 1620 3821 saciet
1644 3751 1757 3821 auslo-

342 3896 364 3930 „
389 3854 467 3918 ritas
492 3852 632 3944 Hippoc.
648 3843 704 3917 lib.
729 3852 769 3921 de
796 3849 991 3923 Glandulist
1016 3854 1152 3944 Qum,
1177 3845 1306 3942 inquit,
1330 3856 1363 3920 in
1388 3870 1496 3920 ventre
1520 3847 1663 3919 inferiore
1688 3875 1757 3920 maa

351 3997 373 4028 „
399 3967 452 4017 net
476 3948 626 4046 phlegma
650 3972 670 4017 a
693 3959 795 4047 eapite
820 3944 983 4046 illapsum,
1007 3952 1179 4045 pariuntur
1202 3948 1332 4019 affeelus
1355 3951 1437 4017 iliaci
1461 3950 1631 4026 diuturni,
1655 3950 1760 4028 idest,

343 4049 468 4116 dolores
491 4048 596 4115 eolicis
619 4046 779 4118 assimiles.
805 4055 855 4122 Sic
878 4049 1012 4145 explicat
1036 4047 1107 4138 illos
1122 4047 1247 4116 dolores
1273 4041 1451 4127 ausoniae.
1477 4048 1536 4116 Sed
1555 4050 1587 4115 in
1607 4049 1760 4119 l‘rorrhc-

344 4155 408 4216 rico
432 4149 567 4245 explicat
591 4148 715 4217 dolores
739 4143 902 4230 γαᾳομέιυς
925 4166 1083 4241 quatenus
1107 4149 1143 4215 &
1167 4151 1418 4239 generationem,
1443 4151 1475 4211 &
1496 4147 1607 4215 locum
1632 4149 1663 4214 in
1688 4151 1755 4217 imo

345 4270 451 4319 ventre
476 4248 563 4317 nasei
588 4240 698 4325 sunt,
731 4252 765 4316 in
790 4244 873 4319 libro
896 4266 1002 4316 autem
1028 4247 1068 4314 de
1093 4244 1253 4339 glandulis
1276 4240 1399 4315 eosdem
1423 4244 1545 4316 dolores
1569 4240 1756 4325 γειφομὲνες,

346 4369 403 4417 aut
428 4341 598 4422 durusne,
621 4364 678 4414 aut
704 4346 818 4420 ἱλιακιὲς
845 4347 917 4432 (nil
942 4342 1035 4416 refert
1059 4346 1227 4439 quomodo
1252 4348 1371 4427 voces)
1396 4345 1573 4440 intelligit,
1597 4363 1758 4437 quatenus
1821 4336 1831 4352 ‘

346 4470 365 4517 a
389 4448 487 4543 eapite
511 4446 667 4534 originem
693 4438 782 4510 suam
807 4464 973 4538 repetunt.
1001 4439 1102 4512 Porro
1126 4448 1251 4516 veritati
1275 4444 1436 4514 dislorum
1453 4446 1548 4514 sidem
1573 4439 1647 4513 facit
1670 4468 1760 4512 corn-

345 4552 451 4615 munis
475 4566 582 4613 rerum
606 4534 810 4612 obervatio.
843 4542 935 4610 Nam
967 4534 1111 4610 usuvenit
1145 4558 1185 4608 ut
1217 4544 1332 4610 occulti
1357 4549 1389 4613 in
1406 4535 1530 4611 'lumbis
1554 4542 1677 4610 dolores
1694 4550 1758 4639 'per

345 4663 469 4740 tempus
491 4643 625 4735 aliquod
650 4647 853 4716 excitentur,
876 4641 934 4730 qui
959 4655 1102 4733 tempore
1127 4645 1256 4724 majores
1281 4644 1363 4710 vires
1385 4642 1551 4738 meliper
1574 4634 1758 4732 orgasmum

343 4742 680 4837 quemdam···materia
704 4745 748 4809 ita
773 4737 1017 4808 tumultuantur
1040 4739 1072 4804 in
1098 4754 1206 4807 ventre
1238 4734 1382 4807 inferiore
1405 4757 1484 4816 ,ut
1515 4739 1644 4809 tandem
1677 4759 1761 4808 cere·

340 4837 475 4919 brom,
500 4839 796 4936 mpni3humorum
821 4838 899 4906 illuc
923 4833 1029 4913 neo,
1055 4835 1264 4934 percellatur.
1302 4840 1387 4907 Hinc
1410 4832 1759 4935 diversae'symptoma

345 4961 403 5012 ton
429 4937 668 5033 aequumque
691 4941 766 5008 idea
790 4956 887 5035 prout
911 4943 945 5006 in
978 4932 1113 5009 diversas
1146 4929 1264 5009 terebri
1296 4931 1467 5008 manfion'es
1496 4941 1647 5009 humores
1679 4937 1759 5003 irru-

951 5059 953 5064 '
1649 5048 1709 5099 unt
