4534 5850
600 471 1766 583 mt“earueurommmz

411 628 431 677 ²··
550 633 915 710 uoilsut'laudabilem
929 659 1034 711 tamen
1050 635 1189 710 habeant
1210 635 1410 733 sanguinem,
1433 642 1470 708 δι
1493 638 1640 706 nonnisi
1665 639 1698 706 in
1723 641 1848 731 magnis
1871 649 1969 725 mot-⁴

387 736 403 829 J
477 738 479 743 '
547 733 611 817 bis,
637 742 671 806 ἃ
694 733 832 833 presente
849 740 1010 834 putredine
1025 743 1057 806 in
1082 760 1193 832 genere
1216 734 1346 816 verrom,
1368 738 1521 806 alteratur
1537 728 1680 829 sanguis.
1698 734 1836 818 Joannos
1860 739 1965 811 Petie-

548 842 616 904 rius
632 835 663 904 id
677 834 825 906 testatur.
851 838 930 904 Non
946 834 1031 905 facile
1054 834 1113 906 fert
1132 832 1410 932 phlebotomiam,
1433 828 1577 905 abundat
1605 835 1710 929 pravis
1734 830 1926 908 humoribus
1948 884 1959 915 ,

551 929 629 1030 sape
648 935 691 1001 illi
715 942 866 1004 eveniunt
883 938 1068 1006 exctetiones
1091 941 1125 1003 in
1146 935 1279 1003 modum
1295 935 1428 1002 cholera
1445 925 1569 1010 morbis
1594 937 1628 1001 δι
1652 950 1757 1002 tamen
1782 928 1959 1026 languisell

549 1025 735 1101 laudabilis.
761 1035 867 1103 Credo
893 1034 926 1101 id
948 1037 1069 1104 evenire
1085 1028 1131 1101 ob
1155 1055 1307 1103 venarum
1323 1034 1537 1130 parvitatem.
1567 1034 1608 1099 Et
1625 1051 1733 1102 revera
1763 1031 1803 1101 he
1845 1029 1959 1104 rsatis

547 1122 627 1201 bene
650 1126 744 1199 suum
763 1128 836 1200 facit
857 1131 1000 1201 officium
1014 1134 1119 1225 quoad
1133 1130 1331 1200 henatosm.
1357 1135 1397 1201 Et
1409 1132 1564 1224 quoniam
1590 1151 1677 1200 venae
1700 1154 1766 1198 non
1804 1151 1864 1203 unt
1888 1156 1958 1204 ma·

546 1250 635 1320 gna,
657 1254 725 1298 non
741 1226 829 1300 facile
852 1225 1027 1298 retrusoettu
1049 1255 1122 1299 cum
1145 1225 1431 1322 sangumeserum,
1456 1228 1546 1322 quod
1565 1221 1607 1296 ab
1627 1223 1819 1300 humoribus
1841 1234 1876 1301 in
1891 1255 1957 1303 me-

482 1333 492 1354 ·
545 1322 678 1397 setrterio
690 1335 844 1398 contentis
867 1325 1062 1406 resumitur,
1087 1335 1122 1399 δι
1146 1330 1234 1421 quod
1253 1353 1339 1399 venae
1358 1330 1439 1396 licea:
1452 1325 1634 1396 attrahunt.
1659 1324 1807 1398 Testatur
1836 1330 1871 1398 id
1904 1354 1956 1401 er-

545 1420 1966 1621 iiiiii,iffiiiihvilssnl‘i‘,ffihiiiiihuihhffiiiiiii

544 1648 616 1718 quae
639 1618 824 1716 sanguinem
842 1631 1010 1695 immutat:
1036 1626 1120 1695 unde
1137 1619 1282 1694 sexcentis
1305 1648 1384 1695 vena
1399 1617 1478 1694 (σθω
1494 1620 1556 1696 est,
1573 1616 1693 1716 quibus
1707 1617 1860 1694 febricula
1868 1643 1955 1702 erat,

545 1726 581 1793 dc
601 1721 689 1789 oolor
712 1716 903 1819 plumbeus,
927 1728 962 1793 δι
986 1719 1113 1800 fedus,
1137 1742 1176 1792 ut
1192 1723 1263 1792 talis
1285 1725 1318 1790 in
1346 1726 1432 1795 venis
1456 1715 1571 1790 subesse
1596 1716 1725 1813 sanguis
1747 1724 1920 1813 crederetur
1943 1748 1954 1800 a

543 1825 579 1890 a
602 1839 709 1891 tamen
725 1816 894 1890 laudabilis
916 1822 1074 1891 detraebas
1097 1819 1160 1892 est.
1185 1825 1274 1914 Quia
1291 1821 1345 1889 etfi
1361 1825 1477 1893 vitium
1490 1817 1592 1889 estin
1615 1821 1685 1890 aliis
1708 1815 1868 1917 partibus,
1892 1825 1954 1891 im-

541 1923 648 1987 moin
673 1938 761 2000 cute,
786 1924 821 1989 δε
844 1924 935 2018 pravi
954 1921 1087 2014 quidam
1102 1915 1177 1989 sunt
1200 1921 1349 1989 humores
1374 1924 1407 1989 in
1431 1940 1591 2015 corpore,
1614 1937 1726 1992 natura
1745 1914 1852 1988 hltem
1882 1924 1956 1990 reti-

539 2036 594 2086 net
608 2012 731 2086 firtam'
750 2017 865 2088 testam
889 2018 1019 2088 mallem
1035 2014 1214 2113 finguinis.
1240 2021 1330 2116 Qia
1346 2018 1369 2085 si
1385 2019 1451 2086 haec
1468 2020 1577 2090 vitiata
1599 2017 1686 2095 ellet,
1708 2016 1817 2086 aslum
1844 2019 1919 2088 ellet
1944 2067 1952 2082 .

423 2194 426 2201 ,
541 2115 588 2185 ht
606 2111 725 2209 quibus
749 2140 835 2187 vene
849 2117 980 2214 ampla,
1004 2113 1094 2185 facile
1118 2110 1276 2187 admisceri
1300 2117 1435 2187 alienam
1459 2118 1618 2187 materiam
1644 2115 1771 2182 sinunt.
1799 2118 1840 2183 Et
1865 2120 1957 2210 prio-

415 2228 422 2239 ·
542 2207 648 2293 ribus,
673 2212 768 2292 idest,
791 2213 937 2309 angustas
960 2238 1054 2287 vertas
1078 2210 1292 2294 habentibus,
1314 2239 1389 2287 eum
1402 2212 1491 2288 faciei
1515 2211 1605 2288 fedo
1627 2212 1756 2291 colore,
1780 2206 1953 2311 phleboto-

542 2315 606 2382 mia
621 2337 687 2382 non
702 2320 873 2410 competit:
900 2308 1126 2383 Posterioribus
1144 2334 1272 2384 contra.

590 2415 676 2482 Hinc
690 2407 904 2482 consecutione
916 2413 1056 2508 quadam
1071 2409 1255 2494 inseremus,
1278 2416 1312 2483 in
1336 2416 1553 2506 quorumdam
1570 2405 1862 2483 febribuscurandis
1888 2433 1952 2481 mea

539 2509 602 2580 lius
615 2510 672 2582 etse
695 2505 787 2580 sexies
809 2512 1014 2606 pharmacum
1036 2511 1128 2589 dare,
1152 2536 1251 2606 quam
1278 2508 1370 2580 semel
1394 2507 1634 2608 phlebotomati:
1658 2560 1667 2579 .
1692 2513 1783 2602 Qua
1815 2502 1950 2582 febrium

539 2613 668 2681 materia
682 2612 716 2677 in
740 2602 857 2677 talibus
888 2607 932 2677 est
958 2613 991 2676 iu
1015 2604 1198 2679 mesenterio
1227 2605 1373 2680 concluh
1398 2655 1409 2689 ,
1434 2615 1469 2679 δι
1493 2632 1559 2679 ιιοιι
1590 2632 1645 2706 pet
1691 2632 1767 2680 erius
1802 2602 1950 2680 venosutn

501 2792 505 2801 Ι
542 2701 662 2777 sarsa.
689 2707 747 2776 Sed
765 2700 885 2801 quihus
909 2730 1022 2805 corpus
1046 2709 1183 2777 calidum
1200 2708 1392 2787 humidum,
1416 2707 1627 2805 &putredini
1653 2631 1851 2786 obnoxium,
1876 2723 1951 2804 prb·

569 2810 643 2875 reim
659 2812 780 2904 patum
791 2801 981 2902 perspirans,
1007 2811 1167 2901 &quum
1183 2829 1270 2877 ven:
1295 2801 1368 2877 sunt
1387 2806 1532 2906 ampla,
1555 2824 1628 2876 tuto
1651 2800 1746 2879 idio
1775 2832 1862 2880 venae
1885 2824 1951 2875 ten·

540 2921 645 2974 tatur.
671 2909 712 2975 Et
729 2927 856 2983 revera,
880 2929 1002 3001 magna
1022 2904 1067 2976 est
1092 2907 1265 3005 prudentiae
1281 2900 1446 2981 observare
1461 2910 1495 2976 in
1521 2909 1637 3000 agris,
1669 2901 1790 3000 quibus
1823 2899 1951 3004 phlebo-

537 3010 639 3172 ffia
654 3012 764 3104 potius
788 3001 906 3075 consere
928 3054 940 3091 ,
963 3011 998 3077 δι
1023 2999 1141 3100 quibus
1163 3011 1313 3106 purgatio
1336 3014 1481 3105 potius,
1504 3024 1542 3079 ut
1567 3029 1631 3076 oon
1664 3025 1806 3101 peccetur
1828 3009 1862 3078 iu
1888 3026 1953 3078 me-

620 3129 658 3173 o.
730 3137 733 3142 ·
1602 3165 1606 3173 .

590 3203 716 3276 Revera
741 3197 827 3283 sunt,
851 3198 971 3300 quibus
992 3205 1091 3303 longo
1113 3222 1256 3301 tempore
1274 3201 1454 3297 parumne
1477 3193 1662 3291 sorigtritu‘s,
1685 3215 1724 3265 ut
1749 3194 1822 3268 sunt
1841 3203 1891 3271 illi
1915 3203 1955 3278 da

425 3304 429 3313 '
482 3344 490 3365 ·
539 3296 657 3396 quibus
675 3304 943 3401 diximuspaullo
966 3324 1068 3381 ante,
1100 3308 1134 3373 dt
1168 3297 1337 3400 prasertim
1354 3301 1490 3391 virgines
1514 3295 1694 3367 deoolotes.
1731 3297 1814 3365 Aliis
1843 3324 1959 3393 pauc.

537 3418 601 3471 tem
626 3426 680 3473 ore
703 3404 843 3473 multum
871 3407 908 3474 lit
931 3397 1108 3496 sanguinis.
1136 3405 1177 3473 Et
1196 3402 1255 3472 hos
1278 3399 1429 3470 audacius
1455 3387 1735 3495 phlebotomabis.
1763 3395 1954 3469 Considera.

539 3524 572 3571 re
595 3426 657 3571 loc
671 3522 814 3601 oportet.
840 3506 1004 3595 Quoniam
1029 3528 1134 3599 quum
1160 3528 1226 3572 non
1252 3504 1309 3572 fiat
1332 3493 1486 3591 satagitis,
1510 3495 1566 3565 nisi
1581 3490 1651 3591 post
1674 3494 1813 3569 multas,
1838 3490 1953 3590 easque

538 3600 682 3669 difficiles
705 3605 914 3677 mutationes,
938 3605 1088 3670 carnificis
1109 3599 1173 3676 eli,
1197 3625 1264 3668 non
1279 3616 1387 3667 autem
1411 3594 1529 3664 Medici
1545 3601 1592 3666 ita
1615 3583 1804 3668 liberaliter,
1828 3596 1863 3661 δι
1881 3617 1952 3690 par·

539 3718 581 3763 va
594 3696 634 3764 de
656 3691 747 3764 causa
772 3718 886 3764 venam
910 3700 1047 3789 aperire,
1073 3718 1179 3788 quum
1196 3690 1321 3784 sanguis
1343 3708 1465 3764 nattuae
1482 3682 1647 3760 thesaurus
1670 3687 1707 3759 stt
1734 3695 1768 3762 &
1795 3693 1949 3764 amicus.

773 3837 1787 3964 annotationes2

364 4133 369 4140 .
494 4155 498 4162 ,
531 4109 573 4154 .ι.
700 4089 849 4163 Eviris,
873 4086 913 4157 &t
923 4080 1133 4169 famulabor,
1158 4109 1218 4153 cttr
1236 4103 1422 4175 egrotantem
1437 4083 1564 4176 potius,
1583 4082 1655 4172 sesi.
1678 4108 1708 4172 7.
1729 4078 1783 4150 lib·
1804 4089 1834 4158 6.
1853 4082 1945 4175 Epis.

531 4237 534 4242 -
714 4181 753 4256 ci*
766 4183 838 4272 [til.
867 4208 896 4269 ς.
914 4180 964 4251 lib.
985 4206 1015 4250 2.
1037 4186 1131 4277 epid.
1525 4209 1529 4234 ··

595 4304 628 4353 2.
650 4287 792 4351 Galenus
810 4300 906 4371 negot
924 4304 1037 4349 comm.
1052 4289 1099 4352 ad
1117 4278 1244 4376 Apho.
1271 4288 1324 4347 16.
1337 4274 1392 4350 til.
1418 4302 1446 4371 3.
1463 4280 1498 4346 in
1518 4275 1717 4376 sqttaloriltttt
1741 4278 1949 4350 articulorum

539 4382 659 4450 dolores
677 4381 834 4448 excitari.
861 4377 944 4465 Niſs
966 4376 1047 4456 sorte
1074 4375 1115 4449 al
1144 4377 1329 4469 acriuscotis
1346 4374 1527 4448 humoribus
1550 4386 1587 4450 id
1595 4380 1688 4466 fiat.
1717 4378 1786 4447 Sed
1798 4399 1948 4472 permo-

361 4551 395 4567 -.
446 4541 478 4556 ,.
534 4476 1016 4569 tium-fluxusnegaetfieri.„2
1563 4533 1567 4542 .
1705 4469 1719 4501 ³
1832 4544 1839 4555 ,

386 4645 388 4652 ,
479 4566 481 4570 ’
529 4610 533 4646 ·.
583 4600 622 4668 ¹3,
644 4580 792 4646 Similem
810 4574 1058 4660 consiliationem
1076 4567 1226 4649 vidimus
1241 4581 1439 4670 explicatam
1458 4570 1500 4649 aelt
1517 4581 1714 4673 fflppocratt
1733 4570 1786 4645 tib.
1805 4596 1833 4641 ι.
1855 4572 1947 4667 Epiri,

489 4705 492 4710 ·
525 4673 657 4773 seli-t.
673 4670 834 4753 toltidottt‘
847 4679 998 4766 quomodo
1024 4674 1289 4770 qaam-praceffit
1318 4674 1474 4770 squalida·
1487 4675 1697 4760 constitutiot
1730 4671 1831 4743 hiems
1849 4669 1949 4754 hemi.-

524 4775 673 4873 φῶσι,
696 4770 926 4858 &commisto
943 4772 1114 4872 affp‘liones
1132 4776 1321 4844 intinxerit.
1564 4808 1569 4826 ε
1764 4781 1768 4788 “
1857 4827 1860 4832 .
1910 4789 1940 4854 „g

464 4869 469 4900 ’·
562 4872 615 4961 ’4.
643 4873 776 4940 Dolores
791 4872 826 4935 in
845 4872 1005 4937 oculorum
1015 4870 1141 4938 canthis
1159 4871 1312 4937 acerrimi
1331 4869 1371 4941 (θ’
1396 4871 1571 4941 indomiti.
1602 4875 1744 4965 Anginae
1764 4869 1853 4960 ficet
1875 4914 1888 4948 ,
1909 4867 1949 4950 es?

527 4964 1144 5066 oemi‘affooadudioquefaocim,
1167 4986 1203 5038 ut
1217 4966 1325 5057 [otoo
1343 4963 1548 5045 limitando
1565 4995 1626 5043 non
1652 4970 1822 5066 sufficeret.
1848 4967 1950 5082 Quod
1971 5053 1974 5063 ,

612 5121 621 5137 .,
1867 5089 1903 5134 m
2005 5085 2008 5090 ·
