4534 5850
580 506 648 571 194
793 478 1246 566 ,GULIELMI
1289 478 1674 559 BALLONlt

517 637 595 705 aaut
612 637 734 706 diluens
759 623 1064 727 mansuefacienique
1078 630 1320 727 quodammodo
1346 634 1428 703 illas.
1458 634 1503 701 Ac
1514 637 1654 729 priorem
1664 625 1800 697 modum
1812 628 1943 723 attingit

517 735 726 831 Hippocrates
734 731 880 829 particul.
912 731 963 801 18.
989 727 1095 803 sectio.
1127 755 1157 818 3.
1189 754 1216 797 1.
1238 733 1343 803 Prorr.
1368 734 1450 802 dum
1477 735 1542 811 ait,
1576 731 1707 799 Sincera·
1735 734 1939 826 purgationes

519 831 694 900 deffluentes
716 825 934 901 exacerbantes
959 831 1118 927 parotidas
1136 833 1328 909 minantur,
1359 838 1419 901 &c
1440 827 1546 908 ldest,
1580 830 1771 922 Aliquando
1788 832 1943 921 contingit

519 921 724 1027 spontaneam
742 933 981 1001 evacuationem
1000 933 1066 998 fieti
1085 931 1283 1010 humorum,
1306 952 1408 1023 eaque
1427 950 1550 999 meraca
1566 927 1610 998 est
1630 933 1664 1002 δι
1679 923 1853 1024 perseverat
1878 929 1946 996 talis

518 1048 672 1106 autnon,
698 1024 997 1125 sitalisperseverat
1015 1033 1048 1097 δι
1066 1022 1198 1111 definit(
1223 1029 1312 1121 quod
1337 1026 1476 1114 reatui
1501 1033 1614 1102 vocati
1642 1027 1807 1123 parbtidon
1834 1047 1940 1095 metui

518 1125 581 1202 esta
606 1128 650 1203 sin
676 1130 818 1195 mutatio
834 1128 910 1205 fiat,
935 1129 970 1195 δι
997 1142 1057 1224 pro·
1073 1129 1187 1195 sincera
1210 1135 1386 1197 excretione
1411 1121 1543 1213 abpmr
1572 1120 1738 1212 &terbum
1772 1121 1907 1195 succedit
1932 1173 1943 1204 ,

516 1225 550 1295 id
571 1220 656 1292 bono
673 1224 735 1293 est.
755 1231 835 1318 Quo
859 1227 929 1292 loco
943 1221 1089 1310 ria'ixpanu
1113 1228 1248 1322 opponit
1273 1220 1473 1312 paronio,
1499 1246 1539 1297 ut
1564 1227 1714 1294 suicetum
1740 1247 1874 1323 pravam
1890 1225 1942 1292 di·

517 1316 715 1419 spositionem
734 1324 900 1416 fignificet,
924 1314 1057 1406 r'o'rponn
1080 1345 1188 1394 aurem
1214 1320 1490 1396 mansuetudinem
1509 1326 1739 1396 &humorum
1761 1321 1943 1419 benignita·

517 1439 604 1491 tem.
631 1425 668 1491 ln
692 1423 934 1493 Commentario
958 1423 1042 1488 illius
1067 1419 1250 1521 Aphorismi
1276 1423 1582 1494 Galenusaccurate
1618 1430 1718 1517 magis
1744 1442 1850 1518 quarn
1884 1443 1943 1518 par

518 1521 556 1588 stt
580 1523 716 1613 inquirit
738 1545 818 1590 num
844 1522 882 1590 srt
905 1519 1091 1615 legendum,
1115 1516 1646 1610 bmnaxaeuufiouc„aut'xndoue.
1675 1521 1740 1595 fieri
1750 1524 1835 1591 enim
1844 1518 1944 1618 potest

518 1638 559 1687 ut
582 1619 641 1688 iliae
658 1619 843 1709 deiectiones
864 1621 923 1688 sint
945 1622 1100 1713 qualitate
1125 1625 1238 1701 maiar
1266 1626 1306 1691 Et
1330 1640 1438 1689 tamen
1461 1618 1547 1693 fiunt
1576 1612 1813 1718 'symptomatice
1844 1628 1878 1690 δι
1910 1624 1943 1688 vi

518 1711 644 1794 morbi,
667 1718 760 1810 quod
784 1721 807 1787 st
833 1725 867 1789 vi
892 1716 999 1787 morbi
1024 1722 1108 1789 fiunt
1134 1747 1199 1789 non
1232 1709 1405 1803 maiorue,
1431 1712 1491 1791 sed'
1506 1713 1629 1792 audent
1656 1720 1730 1792 vuit
1755 1720 1906 1817 appellari
1931 1767 1939 1783 .

519 1816 610 1887 Nam
630 1815 686 1884 illo
704 1817 775 1885 loco
791 1817 941 1910 distingui
960 1818 1030 1889 vult
1053 1816 1214 1906 κάθαρσιν,
1240 1824 1273 1887 &
1300 1810 1404 1882 xitum
1430 1819 1490 1890 hoc
1517 1838 1667 1897 tantum,
1703 1821 1794 1912 quod
1836 1839 1942 1912 quum

517 1935 554 1984 ea
568 1939 640 2009 quac
665 1936 878 1986 excernuntur
898 1919 1050 2008 qualitate
1076 1941 1175 2016 prava
1201 1912 1294 1994 sunt,
1321 1907 1463 2003 xxiiam
1486 1920 1627 1996 dicitur,
1651 1916 1759 1990 acinace
1784 1911 1945 1987 sirimor-

516 2007 551 2083 bi
568 2018 702 2082 excretio
716 2018 792 2085 fiat.
817 2016 920 2110 Quasi
945 2038 1020 2086 vero
1043 2021 1177 2086 excretio
1204 2022 1237 2087 vi
1264 2010 1366 2084 morbi
1394 2009 1478 2084 'fastu
1505 2009 1582 2110 sape
1609 2034 1674 2081 nen
1722 2035 1875 2086 ravorum
1909 2013 1946 2082 sit

516 2111 713 2190 humorum,
738 2118 773 2183 δι
798 2131 904 2184 tamen
930 2107 1072 2200 κάθαρσις
1095 2118 1157 2185 dici
1181 2112 1299 2212 potest.
1336 2114 1376 2179 Et
1408 2107 1589 2210 aphorismo
1618 2132 1648 2177 2.
1680 2108 1702 2180 li
1778 2135 1804 2179 ι.
1845 2117 1942 2181 Dum

516 2202 765 2308 spontanearum
779 2211 843 2284 alvi
869 2217 1122 2283 commotionum
1141 2217 1302 2297 meminit,
1329 2208 1390 2280 iiv'c
1428 2232 1563 2291 natura,
1599 2211 1661 2282 sive
1694 2210 1785 2279 aliter
1820 2211 1903 2278 fiant
1931 2255 1944 2286 ,

516 2317 625 2381 utitur
638 2306 736 2383 verbo
755 2308 958 2397 xebac‘ptfflu,
983 2337 1050 2382 uon
1074 2313 1215 2379 xenium.
1241 2309 1334 2406 Quid
1358 2309 1413 2378 illo
1439 2310 1509 2381 loco
1534 2311 1610 2381 velit
1633 2308 1774 2378 Galenus
1801 2334 1866 2377 non
1892 2311 1943 2376 in-

515 2412 643 2503 telligo.
670 2413 759 2482 Nam
783 2412 864 2502 dum
889 2413 1012 2508 Aphor.
1043 2434 1097 2479 21.
1123 2406 1180 2479 lib.
1208 2437 1240 2494 4.
1267 2413 1387 2478 mentio
1409 2410 1446 2478 fit
1462 2415 1680 2481 excretionum
1702 2410 1944 2502 variegatarum

517 2513 671 2602 &qualis
684 2505 810 2600 sanguis
824 2517 915 2602 niger
928 2508 992 2586 est,
1017 2509 1174 2600 numquid
1202 2508 1264 2574 hoc
1299 2510 1337 2599 fit
1358 2501 1467 2601 sponte
1490 2515 1525 2576 δι
1550 2501 1809 2603 symptomatice,
1843 2512 1878 2576 δι
1905 2508 1937 2579 vi

515 2603 637 2682 morbi,
661 2631 704 2675 an
727 2630 793 2670 non
817 2608 877 2672 hoc
901 2597 1042 2686 πείθωμαι
1062 2606 1203 2669 dicetur?
1229 2604 1442 2695 Hippocrates
1466 2624 1560 2672 vocat
1578 2599 1788 2689 &lutupn'uaroe
1827 2602 1903 2669 ἰόντα
1929 2649 1940 2683 ,

517 2704 659 2771 Galenus
681 2690 884 2776 ι’κιωόμῆια.
909 2699 980 2766 Nisi
1003 2698 1086 2765 dicar
1100 2699 1227 2794 proprie
1244 2699 1482 2768 evacuationem
1525 2700 1599 2770 fieri
1626 2724 1731 2795 quum
1769 2704 1802 2774 vi
1835 2698 1939 2773 morbi

514 2802 635 2870 humor
656 2798 785 2872 effluit,
800 2818 908 2888 quum
932 2815 1038 2864 autem
1065 2793 1211 2865 trahente
1235 2795 1483 2893 medicamento,
1509 2792 1830 2897 purgatumque.
1861 2803 1943 2872 Non·

517 2900 597 2994 quin
622 2896 683 2967 sive
708 2898 876 2993 purgatio,
901 2892 961 2968 tiu'e
985 2895 1256 2994 exauratiofffiat,
1281 2890 1459 2993 utrobique
1485 2899 1808 2971 vitiumohunorum
1825 2895 1921 2970 subiit
1936 2920 1948 2968 .’

516 3002 558 3068 Et
581 2994 712 3091 quust'm
726 2994 874 3092 preclara
886 2994 963 3093 poni
978 2993 1098 3093 potest,
1122 2991 1230 3090 quum
1243 3015 1347 3093 praua
1363 2997 1411 3065 hx
1435 3000 1519 3069 fiunt
1537 2998 1721 3081 dejectiones
1747 3003 1826 3071 varii
1843 3001 1941 3070 simul

518 3096 648 3175 eolori53
661 3119 713 3164 -an
739 3119 804 3162 non
822 3094 943 3165 tarueffi
967 3097 1143 3163 humorum
1170 3098 1303 3166 varietas
1335 3096 1401 3170 sit,
1435 3100 1469 3165 δι
1501 3098 1638 3193 proinde·
1657 3100 1842 3166 'humorum
1871 3100 1946 3169 talis

517 3199 653 3267 excretio
665 3185 773 3280 ἔκριτιι
797 3193 858 3264 dici
874 3190 983 3292 poisat
1009 3192 1138 3263 Possunt
1155 3193 1284 3287 quidem
1309 3214 1375 3260 uno
1405 3194 1438 3260 in
1466 3188 1552 3262 sensu
1569 3215 1699 3262 meraca
1712 3196 1799 3270 dici,
1825 3211 1947 3287 quate.

518 3316 581 3365 nus
596 3315 654 3366 aut
670 3314 725 3390 per
741 3294 963 3390 putredinem,
989 3313 1046 3364 aut
1071 3314 1125 3390 per
1149 3293 1330 3363 incendium
1354 3287 1509 3361 crassiores
1543 3291 1671 3362 redditu
1688 3286 1744 3360 ¹sui
1776 3297 1836 3360 ieri
1866 3290 1947 3366 sunt

518 3411 676 3494 expertes,
700 3390 735 3460 in
758 3390 859 3463 altero
873 3387 962 3463 sensu
978 3417 1041 3460 non
1066 3402 1141 3461 item
1148 3392 1263 3486 ,quia
1286 3391 1438 3460 nimitum
1463 3410 1503 3460 ut
1517 3389 1672 3470 ¹colorum
1697 3380 1738 3458 stc
1762 3391 1946 3465 humorum
2010 3469 2013 3474 ,

520 3498 653 3568 varietas
676 3489 738 3561 est.
765 3496 806 3562 Et
825 3495 930 3588 quu'm
951 3496 984 3559 in
1003 3487 1200 3560 Prorrhetico
1218 3489 1354 3559 sinceras·
1363 3493 1567 3588 purgationes
1582 3488 1689 3559 maias·
1713 3481 1839 3569 scribit,
1873 3518 1944 3562 non

520 3599 566 3663 ita
581 3614 717 3667 nomen,
741 3586 868 3668 sinceri,
891 3586 1103 3667 audiendum,
1127 3588 1219 3682 quod
1234 3608 1320 3657 unus
1338 3609 1465 3659 tautum
1474 3592 1593 3659 humor
1603 3589 1640 3658 sit
1646 3602 1664 3671 ,’
1676 3581 1840 3657 'sumunt
1852 3594 1943 3662 mixti

521 3690 666 3759 naturale
690 3682 792 3755 serum
806 3710 872 3756 non
897 3692 1081 3764 retinentes,
1105 3688 1325 3778 quaerendem
1343 3687 1486 3757 meliores
1514 3687 1617 3768 fiunt,
1651 3707 1710 3756 aut
1743 3685 1846 3758 calore
1880 3714 1945 3760 nou

518 3790 565 3857 ita
589 3800 720 3881 agente,
743 3783 946 3881 autrepretia
964 3784 1129 3881 putredine
1145 3804 1218 3878 quae
1236 3786 1412 3856 sinceritatis
1435 3782 1596 3874 cujusdam
1622 3786 1736 3857 auctor
1756 3785 1828 3867 est,
1863 3790 1943 3859 dum

521 3877 633 3955 scilicet
646 3884 767 3953 humor
785 3903 843 3953 aut
859 3885 1062 3955 acrimoniam
1077 3875 1165 3953 suam
1181 3877 1597 3984 autvirutsuumexplicat,
1625 3890 1671 3956 Ac
1682 3886 1806 3966 sinceri,
1836 3879 1942 3973 ἄκριτοι

521 3986 661 4063 Grecis,
677 3985 762 4053 vires·
781 3981 1034 4081 peculiaremque
1049 4008 1107 4078 pro
1130 3980 1274 4055 rietatem
1298 4007 1335 4053 ex
1360 3979 1447 4055 libris
1472 3986 1707 4080 Prognosticon'
1721 3987 1793 4055 licet
1816 3985 1941 4063 eiicere,

521 4088 557 4154 dt
579 4095 655 4151 cum
678 4083 718 4149 dc
741 4077 857 4184 sputis,
881 4088 916 4150 &
943 4008 1187 4151 vomitionibus,
1205 4083 1340 4179 explicat
1373 4076 1462 4153 suam
1497 4078 1678 4154 sententiam
1713 4073 1938 4183 Hippocrates,

520 4179 705 4261 „Vomitus
728 4180 822 4245 utiles
845 4199 951 4271 quum
974 4177 1123 4271 pituitam
1141 4185 1231 4262 juxta
1255 4202 1291 4245 ac
1309 4174 1405 4247 bilem
1421 4183 1587 4250 remixtum
1604 4179 1743 4262 habent,
1758 4195 1940 4281 quumnon

520 4324 545 4360 „
560 4272 735 4345 admodum
742 4272 830 4342 craiii
839 4298 893 4342 nec
902 4272 1016 4351 multi,
1028 4271 1201 4344 sinceriores
1207 4278 1292 4343 enirn
1305 4274 1469 4358 deteriores
1478 4273 1568 4348 sunt:
1587 4281 1654 4352 iilic
1667 4283 1798 4354 aneton
1816 4281 1943 4351 Galerio

523 4377 566 4465 rr}
585 4359 1130 4471 aoirpopponiertcvnrounrdo'n.
1143 4367 1885 4476 Quumcraffitudinismeminittacitereoueque
1896 4388 1944 4449 in-

521 4474 605 4542 dicat
619 4468 822 4563 quomodoti
838 4464 945 4558 drapum
971 4473 1101 4544 mixtam
1111 4467 1323 4546 habeatillam
1356 4468 1521 4548 cratiitiem
1543 4478 1697 4550 exhausto
1719 4476 1811 4551 sero.
1852 4484 1941 4550 Hinc

523 4613 546 4655 „
568 4570 710 4640 Galenus
726 4573 854 4642 Comm.
868 4573 902 4639 in
919 4570 1062 4641 ParticuL
1086 4594 1139 4661 37,
1163 4567 1218 4644 lib.
1245 4563 1541 4669 2.'Prognosticon:
1567 4579 1605 4647 ld
1621 4579 1681 4650 usu
1709 4585 1795 4653 venit
1820 4581 1942 4651 sincerii

522 4713 546 4755 „
570 4666 769 4741 uteraffiora
780 4674 884 4741 fiant·
910 4671 1032 4741 Tamen
1046 4665 1142 4761 obiici
1160 4671 1288 4770 potest,
1337 4674 1461 4747 noda&
1484 4674 1667 4775 christoph.
1695 4679 1734 4750 de
1763 4682 1853 4773 i'tga
1871 4689 1941 4749 ιιιο-Ι

520 4811 545 4851 ‚,
569 4773 632 4847 rit,
652 4790 691 4839 ex
710 4773 804 4842 Com.
823 4773 857 4839 in
872 4769 1030 4840 Pereunt·
1046 4780 1102 4838 26.
1121 4764 1222 4843 seura
1248 4795 1277 4841 r.
1299 4771 1323 4844 ¹li
1349 4826 1357 4842 .
1380 4799 1407 4842 i.
1421 4769 1512 4873 Epid.
1534 4778 1730 4867 Excretioncs
1755 4772 1875 4849 fiebant
1891 4777 1939 4847 ai-

521 4911 544 4948 n
568 4876 603 4943 vi
617 4892 745 4968 pauca,
769 4863 1042 4949 tenues,:brfiosae,
1067 4864 1202 4941 tinceta:
1227 4876 1313 4964 Ergo
1321 4871 1440 4967 aliquid
1456 4871 1607 4944 sincerum
1628 4885 1723 4948 tenue
1736 4876 1795 4947 eisc
1813 4874 1947 4976 potestt

521 4968 562 5038 Ι(
576 4973 727 5055 avertitur
751 4969 808 5042 illa
822 4976 935 5069 opinio
961 4968 1075 5040 Galerii
1099 4993 1138 5043 οι
1153 4971 1378 5064 Prognosticis,
1405 4965 1587 5070 Respondet
1605 4978 1658 5049 ille
1682 5001 1788 5050 urium
1804 4982 1840 5044 δι
1856 4977 1947 5047 ideut'

672 5117 678 5128 .
914 5073 919 5130 i
1505 5077 1508 5083 ’
1790 5071 1895 5143 finte-
