4534 5850
596 473 1247 558 numuruurorcanuu.
1299 481 1376 554 ro.
1438 503 1449 555 .·
1625 518 1693 589 ,03

323 647 458 737 quoqne
476 635 649 708 orevillcac
665 619 945 710 interlunium,
970 647 1009 698 ut
1024 624 1097 699 iude
1114 644 1225 724 raptus
1245 622 1513 723 consequeremur:
1547 631 1589 702 Et
1611 637 1669 730 qui
1687 636 1748 706 do·

324 738 405 807 lores
433 756 523 806 erant
550 738 638 804 mites
664 734 698 800 δι
723 728 896 810 diuturni,
928 723 1004 799 lasti
1026 721 1101 797 sunt
1130 717 1271 793 rdrnrn.
1304 732 1421 819 Quum
1445 730 1554 825 itaque
1579 727 1748 812 γαφὸμβιον

323 834 512 914 nomnen&
535 831 675 900 dolorem
692 822 887 904 edanum,
912 825 1123 901 revolutum,
1148 818 1318 893 umerum
1344 849 1384 896 ue
1402 827 1579 920 significet:
1607 834 1657 900 lta
1673 829 1745 927 pla.

325 953 375 1001 cct
390 933 529 1000 dolorem
551 921 720 1008 722de
743 929 966 1023 interpretari,
989 936 1026 993 ac·
1044 919 1226 990 sidicamus
1249 944 1296 1016 qu
1340 927 1490 995 ammodo
1510 928 1641 998 iliacum
1660 927 1746 1011 elle,

327 1050 366 1101 ut
378 1027 468 1099 dolor
491 1020 664 1107 κιφὸμῧιος
679 1022 912 1117 dicaturquasr
936 1013 1102 1137 ἅμῦμῆθσ»
1127 1022 1242 1117 Aqoo
1264 1015 1351 1095 uncle
1368 1024 1481 1093 Graecis
1501 1025 1637 1097 dicitur.
1670 1028 1747 1098 Un-

324 1129 363 1198 de
380 1124 573 1246 quibusdam
591 1127 738 1222 placuit,
777 1141 815 1191 ut
842 1119 982 1191 Galenus
1007 1126 1043 1190 in
1068 1120 1308 1189 Commentario
1327 1119 1410 1190 illius
1430 1121 1611 1219 Aphorilini
1627 1124 1747 1206 docet,

324 1225 366 1299 τῖς
388 1220 489 1302 uulua
502 1216 699 1301 c’mnuuc'rcc,
724 1223 830 1290 uocari
855 1209 1039 1299 γαφομένυς,
1063 1241 1099 1288 ac
1119 1218 1212 1288 fitalr'
1224 1219 1378 1290 affinitate
1388 1243 1506 1292 vocum
1530 1215 1746 1300 ditandum

324 1317 529 1404 &postadun
561 1317 734 1411 synonyma
753 1318 895 1390 exsistant
912 1368 921 1386 .
954 1320 1003 1389 nc
1029 1320 1157 1412 nequis
1173 1337 1265 1416 putet
1290 1335 1405 1389 temere
1423 1340 1482 1390 nos
1497 1319 1621 1393 dolores
1645 1340 1747 1398 aare<
1817 1341 1820 1349 ·

324 1415 430 1504 μιήσ,
451 1444 528 1492 cum
542 1413 706 1492 doloribus
716 1418 811 1488 iliacis
822 1438 1026 1516 comparare,
1049 1438 1261 1516 praetmquarn
1277 1417 1369 1511 quod
1384 1418 1521 1491 affinitas
1538 1416 1746 1513 significarim

324 1523 370 1589 nis
385 1542 504 1590 vocum
528 1509 677 1597 71⁴va
700 1525 726 1603 ὃ
747 1511 908 1594 deorumn
931 1518 1064 1612 (aquo
1086 1512 1175 1590 dude
1198 1517 1393 1602 deducitur]
1417 1518 1453 1588 id
1472 1512 1610 1597 suadet,
1642 1508 1747 1586 hebo·

323 1640 397 1688 mus
414 1640 548 1713 quoqne
564 1621 599 1687 &
618 1615 733 1688 ducem
754 1619 984 1715 Hippocratem
1000 1611 1056 1686 lib.
1076 1615 1116 1685 de
1134 1614 1326 1687 Glandulis.
1353 1618 1442 1690 Nam
1465 1619 1600 1712 loquens
1614 1614 1655 1686 de
1671 1615 1745 1686 ilio

322 1740 361 1788 ra
377 1716 513 1814 pullione
531 1739 551 1784 a
566 1716 715 1785 catarrho
730 1733 834 1793 nata,
858 1716 1013 1786 nimirum
1025 1713 1119 1786 reule
1130 1717 1163 1783 in
1181 1715 1331 1785 intestinis
1348 1717 1546 1814 phlegmate,
1573 1734 1678 1812 aperte
1689 1717 1740 1784 vi·

321 1816 421 1884 detur
435 1814 588 1912 explicare
604 1812 674 1882 illos
694 1814 817 1881 dolores
837 1805 1025 1890 yuwulnc·
1059 1814 1170 1882 Graeca
1189 1808 1285 1885 verba
1309 1805 1411 1894 sunt,
1444 1806 1615 1887 droulmnc
1630 1803 1741 1906 κᾶπιτῆ

325 1910 515 1991 φλέγματος,
539 1902 766 1975 excoluntur
785 1900 1030 1997 unnylmm,
1053 1909 1148 1980 idest:
1173 1913 1290 2007 Qum
1326 1911 1454 2006 hlegma
1470 1936 1489 1980 a
1505 1915 1741 2009 capiteinven·

324 2028 408 2079 trem
421 2003 569 2107 illapsum
586 2029 690 2079 manet
704 2012 738 2078 in
752 2010 863 2078 eodem
879 2029 1015 2086 uentre,
1039 2009 1112 2080 ileos
1128 2015 1212 2107 parit
1229 2057 1241 2088 ,
1324 2009 1396 2082 &us
1411 2011 1609 2082 diuturnos,
1649 2007 1698 2077 Ac
1717 2002 1745 2077 li

323 2107 426 2186 dicat,
451 2111 534 2207 parit
548 2107 677 2178 areum
693 2106 821 2186 iliacos,
845 2098 1060 2187 torminum,
1097 2132 1133 2178 ac
1150 2110 1173 2178 sr
1197 2108 1285 2184 volvi
1298 2113 1486 2206 revolvique
1502 2110 1676 2182 videantur
1691 2112 1744 2174 in-

317 2203 449 2276 testina.
478 2209 548 2279 Nec
563 2210 649 2277 enim
666 2207 705 2276 de
720 2205 781 2276 iloo
796 2209 923 2303 proprie
938 2207 1027 2279 aruo
1043 2209 1216 2302 loquitur,
1240 2231 1347 2304 quum
1361 2238 1427 2280 non
1445 2212 1482 2278 srt
1502 2203 1633 2279 morbus
1650 2205 1745 2274 chro-

324 2311 436 2382 nicus,
462 2300 511 2374 sod
527 2324 657 2375 acutus.
685 2309 801 2398 ltaque
818 2327 889 2376 vere
904 2307 1051 2400 exprimit
1076 2307 1143 2374 illos
1167 2307 1291 2376 dolores
1316 2309 1517 2404 reciprocos,
1551 2301 1745 2388 nominos,

324 2424 442 2494 vagos,
466 2404 632 2483 erraticos,
656 2397 864 2480 commonit,
890 2401 1068 2478 revolutos,
1091 2426 1205 2497 quos,
1239 2398 1403 2483 γαφομίνυς
1421 2406 1533 2498 lingua
1550 2397 1607 2472 sua
1625 2417 1747 2471 vocat.⁴

326 2500 397 2574 Nisi
412 2503 502 2594 quod
519 2497 603 2570 libro
620 2498 660 2569 de
679 2499 848 2570 Glandulis
867 2501 1016 2595 loquitur
1032 2497 1100 2569 *trel
1113 2495 1287 2579 ἆλγιμᾶπη
1304 2495 1497 2582 γαφομὲνων,
1522 2503 1584 2573 sive
1599 2482 1746 2572 ι’νκλυμῖ.

323 2624 389 2678 ror,
413 2600 474 2672 five
491 2599 642 2677 ἀλωαὶ,
678 2598 690 2682 (
706 2621 744 2669 ut
758 2597 797 2668 fic
814 2598 958 2692 loquar)
985 2619 1177 2692 quatenusa
1196 2604 1297 2698 capite
1320 2597 1503 2678 caulacest,
1537 2594 1596 2670 lib.
1613 2596 1747 2666 l'rorrh.

325 2718 434 2768 autem
459 2697 532 2766 aad
544 2688 731 2776 γαφομίνυι,
754 2717 915 2791 quatenus
930 2720 951 2769 a
966 2694 1077 2769 viscere
1092 2698 1221 2793 aliquo,
1247 2721 1360 2797 nempe
1376 2693 1420 2770 ab
1431 2697 1547 2797 hepate
1564 2700 1671 2799 prima
1686 2695 1748 2765 do-

327 2797 437 2868 lorum
454 2796 574 2866 occasio
591 2797 737 2889 pendet.¹

942 2990 975 3064 T
999 2990 1043 3064 O.
1096 2991 1137 3059 Δ.

331 3183 787 3362 ΔΤΣΘΝΝΑΤΟΝ
809 3180 941 3263 duobus
968 3190 1072 3262 modis
1098 3179 1178 3261 sumi
1204 3186 1328 3288 potcll.
1361 3193 1450 3265 Nam
1474 3180 1668 3268 numni,
1698 3183 1755 3259 di*

321 3304 324 3308 ’
451 3310 570 3362 cuntur
583 3292 641 3385 qui
659 3292 779 3361 tardius
799 3300 1006 3363 moriuntur:
1031 3315 1138 3387 quum
1154 3294 1309 3362 nimirum
1332 3309 1446 3390 practer
1470 3295 1651 3389 opinionem
1670 3288 1746 3381 2ng

330 3398 434 3464 vitam
480 3390 675 3465 romanum,
698 3411 774 3457 cum
789 3392 910 3459 ratione
927 3386 1029 3457 morbi
1046 3398 1112 3474 jam
1127 3396 1193 3474 jam
1211 3413 1228 3458 e
1245 3394 1350 3465 vivis,
1372 3410 1432 3461 aut
1448 3383 1631 3487 propediem
1644 3381 1747 3457 excel.

330 3486 394 3560 suri
414 3487 594 3561 videntur.
629 3484 640 3568 (
667 3480 744 3555 Alio
772 3484 871 3555 modo
888 3508 942 3556 eos
968 3477 1146 3559 innatant
1164 3487 1297 3558 dicimus
1312 3484 1371 3581 qui
1385 3511 1461 3558 cum
1478 3485 1591 3555 dolore
1601 3488 1747 3555 morium

329 3634 353 3669 „
377 3608 451 3657 tur.
479 3585 548 3680 Hip
660 3602 691 3653 es
708 3586 816 3683 partic
840 3607 895 3652 20.
915 3580 1022 3653 sectio.
1044 3606 1076 3649 2.
1091 3579 1149 3651 lib.
1174 3577 1536 3657 1.Prorrhot.·scribil:
1561 3576 1745 3679 Qubusek

330 3733 353 3770 „
378 3688 486 3757 dolore
505 3705 547 3781 ap
569 3688 672 3763 oniae,
697 3683 729 3752 hi
746 3678 821 3753 sunt
839 3671 1018 3750 nolam:
1050 3686 1205 3781 interpres
1223 3687 1345 3767 uertit,
1379 3690 1467 3754 Crem
1482 3680 1588 3755 dolore
1602 3681 1747 3748 ›nonun-

329 3806 400 3854 την.
428 3791 466 3856 ln
481 3786 676 3854 enarratione
692 3785 804 3854 Galen.
823 3806 898 3852 eum
913 3777 1035 3851 sensum
1050 3788 1163 3880 recipit
1178 3827 1186 3849 .
1226 3788 1271 3855 Eu
1296 3802 1404 3855 autern
1433 3780 1547 3856 nititur
1564 3778 1749 3870 conjecturo

330 3885 423 3979 quod
439 3886 542 3980 Hipp.
560 3877 705 3976 aphoniae
724 3883 991 3976 memineritque
1008 3903 1083 3950 curn
1106 3876 1289 3956 convulfiva
1310 3880 1452 3979 quodam
1477 3876 1667 3953 allectione.
1698 3882 1745 3950 Ar

331 3980 496 4053 convulsio
511 3982 614 4049 omnis
632 3980 794 4051 dolorifica
810 3979 878 4050 cst.
907 3983 953 4050 At
966 3974 1068 4073 vulgo
1085 3976 1231 4051 videmur
1257 4003 1310 4052 eos
1331 3989 1392 4079 qui
1411 4000 1475 4081 prat
1492 3981 1603 4051 dolore
1625 3977 1746 4073 ephon

331 4084 512 4153 redduntur
531 4095 737 4171 magnacum
756 4074 942 4150 difficultate
958 4082 1101 4149 interire.
1130 4083 1182 4150 Ur
1193 4071 1382 4161 Minor,
1407 4106 1473 4151 non
1489 4068 1593 4149 sculum
1608 4075 1742 4147 tardita-

331 4202 395 4253 tem
412 4181 559 4251 interitus
573 4176 733 4257 includat,
759 4174 808 4249 sed
827 4186 862 4250 dc
878 4179 1054 4250 intereundi
1067 4170 1316 4259 difficultatem,
1349 4199 1455 4278 quurn
1477 4174 1591 4250 scillcet
1613 4176 1746 4247 convul-

332 4282 399 4353 srvo
414 4277 511 4351 modo
527 4272 630 4347 iocor
642 4274 812 4373 necarique
830 4279 1010 4377 plurimum
1029 4269 1213 4357 mtercunt',
1245 4272 1336 4374 quod
1354 4298 1435 4374 aegre
1451 4276 1559 4351 anima
1576 4293 1595 4348 a
1612 4293 1746 4371 corpore

334 4375 519 4453 ssvocotur.
546 4376 614 4447 Alii
626 4377 757 4470 quidem
772 4400 848 4449 curn
864 4380 1001 4456 dolore,
1035 4376 1087 4448 alii
1106 4378 1170 4449 fine
1185 4378 1319 4448 dolore.
1355 4379 1446 4451 Nam
1463 4401 1481 4451 a
1506 4378 1601 4449 honio
1615 4368 1695 4472 saepe
1719 4363 1749 4438 ἦ

334 4473 483 4545 circinum
497 4471 641 4550 accerlit.
670 4473 770 4547 Porro
786 4478 927 4573 aphonia
944 4472 994 4549 vel
1008 4478 1119 4547 inridit
1133 4482 1166 4547 in
1183 4483 1298 4574 corpus
1314 4515 1324 4556 a
1349 4496 1408 4549 aur
1423 4403 1557 4557 mogo,
1581 4494 1639 4545 aut
1665 4488 1744 4541 tta·

334 4598 367 4646 te
382 4573 561 4649 confestum
577 4572 832 4670 languidumque
850 4576 1030 4655 redditum,
1054 4576 1105 4645 uel
1118 4581 1153 4645 in
1167 4571 1286 4644 florens
1303 4599 1339 4645 ac
1357 4572 1526 4647 robustum
1545 4627 1553 4644 .
1580 4576 1612 4645 Si
1627 4576 1761 4667 ootpus'

335 4675 499 4744 infirmum
515 4682 579 4767 jam
597 4698 634 4746 ac
649 4678 791 4753 vietum,
814 4669 878 4744 stne
894 4663 983 4743 scrrsu
999 4695 1035 4742 oc
1048 4672 1162 4743 dolore
1179 4675 1361 4744 moriuntur
1378 4682 1450 4764 jam
1463 4694 1536 4746 ante
1558 4666 1654 4752 horu
1674 4668 1745 4741 ted·

330 4770 395 4842 diti
412 4793 421 4839 r
445 4774 502 4845 su
520 4777 623 4861 uakru
638 4797 675 4846 ac
692 4769 878 4853 robustum,
902 4797 968 4845 non
984 4772 1048 4843 fine
1064 4776 1098 4846 vi
1113 4787 1232 4868 magara
1248 4791 1285 4846 ac
1299 4778 1498 4849 contritione
1515 4777 1698 4848 urtutunt·

1479 5003 1483 5011 ’
1619 5051 1698 5124 το.
