4534 5850
492 495 576 572 ετ
624 470 1242 570 rr'nrmr‘a'tousr,
1292 489 1421 564 trs.
1473 494 1516 564 n.
1618 498 1660 571 ει
1721 490 1751 570 a

347 647 544 721 Notandum
559 642 601 719 est
617 670 675 718 cur
693 640 771 745 sape
786 649 878 716 initio
892 640 1028 717 febrium
1044 652 1146 723 urinae
1160 645 1320 744 limpidae,
1344 643 1534 747 perspicua,
1552 652 1587 722 bt
1604 670 1713 723 tenues

297 767 358 817 aut
376 750 541 818 mediocres
557 741 777 817 insubstantia
793 767 980 844 appareant3
1004 746 1114 814 deinde
1139 741 1329 821 turbantur,
1354 755 1389 818 δι
1412 748 1567 819 crassiores
1589 753 1675 820 liunt
1699 799 1710 816 .
1767 758 1770 765 “

296 846 343 915 Et
361 871 463 940 quum
478 841 586 916 linitas
599 844 701 922 adest,
721 849 753 913 in
770 849 956 942 propinquo
973 840 1101 912 tursum
1117 844 1342 941 ¹limpiditatem
1360 853 1394 916 δι
1418 852 1606 917 tenuitatem
1635 873 1710 947 pto-

299 947 477 1041 ptiam,'&
495 943 658 1043 pristinam
673 948 845 1041 recipiunt.
872 947 1022 1039 Qoflt,
1040 961 1076 1021 ut
1097 965 1201 1036 quum
1227 947 1710 1045 tenues&limpidaeapparent,
1786 994 1815 1003 ..

297 1062 375 1112 tunc
389 1040 450 1112 fert
465 1049 523 1139 qui
542 1039 667 1137 sanguis
681 1045 828 1117 educitur
842 1040 885 1110 est
905 1043 1055 1112 doridos:
1080 1064 1186 1136 quum
1199 1037 1341 1112 turbata
1356 1040 1445 1123 sunt,
1469 1040 1584 1114 setosus
1608 1053 1641 1117 δι
1648 1071 1711 1145 pu-

299 1143 354 1227 tris
367 1140 411 1210 eli
431 1136 671 1237 smgui55&ut
696 1137 797 1213 verbo
816 1143 1024 1239 Hippocratis
1050 1160 1141 1220 utar,
1157 1138 1197 1204 -al
1221 1135 1426 1228 ιᾶμιῶυρᾶ,
1449 1145 1488 1212 de
1508 1152 1598 1237 eujus
1623 1141 1711 1216 verbi

296 1232 469 1334 figriilictito
483 1242 608 1312 dietum
626 1241 675 1309 est'
687 1236 742 1308 lib.
769 1263 794 1304 r.
813 1241 1059 1336 Ephemeridon.
1085 1240 1265 1328 Quodlit,
1289 1245 1479 1333 quoniame
1495 1249 1712 1345 putttntejaln
1740 1279 1880 1363 Qum

295 1344 426 1411 materia
442 1345 598 1431 expiratur
614 1363 732 1438 vapor,
758 1343 791 1408 δε
805 1340 914 1415 ichor,
938 1343 997 1432 qui
1016 1336 1122 1406 statim
1139 1341 1336 1407 contaminat
1345 1335 1546 1434 sanguinem,
1562 1361 1620 1413 aut
1630 1366 1715 1437 quo-
1737 1366 1854 1437 fustis

293 1440 382 1508 niam
397 1437 504 1508 'serum
523 1441 642 1509 humor
664 1436 750 1508 facile
766 1442 1004 1536 corrumpitur,
1029 1442 1166 1506 maxime
1180 1430 1238 1505 ubi
1252 1438 1345 1506 calor
1361 1441 1484 1510 alienus
1516 1438 1603 1510 adest
1619 1489 1639 1519 .,
1655 1460 1714 1511 aut
1739 1443 1865 1523 inserta

292 1559 409 1636 eorpus
423 1538 555 1619 siccum,
580 1544 616 1609 &
631 1535 839 1607 constrielum
855 1556 982 1605 manem·
1004 1537 1106 1634 Qod
1125 1539 1217 1627 initio
1236 1530 1435 1607 morborum
1442 1545 1567 1617 evertit,
1592 1534 1716 1638 ptaeser-
1743 1532 1795 1588 Μ
1812 1528 1868 1627 ν”ᾗ

290 1637 351 1704 tim
366 1661 472 1731 quum
490 1633 584 1707 febris
600 1660 620 1706 a
637 1637 862 1733 constipatione
879 1643 960 1705 cutis
982 1632 1134 1704 nascitur.
1162 1636 1380 1706 inflammatio
1400 1657 1509 1707 autem
1526 1642 1560 1709 δι
1577 1639 1716 1736 phlogo-
1742 1614 1861 1673 ’Μ’

292 1734 352 1813 fis,
374 1730 742 1832 praesertimhumoralis,
766 1757 865 1828 quam
890 1731 976 1802 facile
992 1736 1102 1804 alteret
1116 1727 1321 1824 fatigantem,
1344 1736 1716 1834 declarant'pleutitides.
1743 1690 1870 1837 mr

344 1832 509 1927 Qaestio,
533 1856 641 1928 quum
657 1830 749 1901 febris
765 1835 820 1909 fit,
841 1856 884 1900 an
902 1831 1016 1900 austes
1029 1832 1073 1902 cll
1088 1827 1250 1923 sanguinis
1269 1833 1388 1923 gradus
1400 1857 1443 1903 an
1457 1839 1714 1907 rationerantum
1737 1860 1859 1933 [marg

292 1936 441 2028 vaporis?
465 1933 565 2045 Qod
582 1926 749 2011 credibile,
774 1933 853 2025 quia
868 1954 973 2024 quum
989 1934 1132 2026 primum
1157 1948 1176 1996 a
1200 1926 1272 1996 fooo
1287 1952 1388 2027 rapot
1410 1936 1514 2030 putris
1538 1937 1715 2014 excitatur,
1741 1956 1874 2003 meor-

293 2027 400 2099 statim
418 2022 575 2099 febricitat
586 2031 702 2098 homo.
730 2033 782 2100 An
798 2052 874 2098 vero
900 2052 956 2125 per
971 2031 1291 2098 communicationem
1308 2031 1422 2102 caloris
1441 2029 1482 2102 ad
1499 2033 1654 2105 calorem:
1673 2054 1713 2106 ut
1739 2027 1861 2100 'milk

290 2131 326 2196 in
341 2150 518 2227 puerorum
534 2128 655 2207 Siriali,
670 2132 749 2224 quia
762 2131 796 2196 in
811 2132 966 2197 anteriore
979 2106 1089 2226 cipitis
1105 2147 1193 2222 parte
1208 2128 1295 2197 calor
1319 2151 1490 2228 conceptus
1514 2130 1578 2210 est,
1610 2137 1714 2203 conti-
1739 2107 1882 2206 ΜΨ*

293 2234 417 2296 nuitate
436 2222 529 2296 febris
543 2230 719 2305 excitatur,
742 2232 833 2314 ajunt
858 2227 1027 2296 au8tores.
1053 2231 1086 2299 Si
1105 2227 1234 2322 sirnplex
1257 2228 1368 2298 caloris
1384 2232 1500 2321 gradus
1523 2225 1643 2299 febrem
1668 2227 1715 2301 fa·
1741 2186 1871 2348 {qm

293 2330 361 2402 tit,
386 2348 443 2394 cur
460 2346 566 2419 quum
582 2322 686 2413 aestate
701 2325 814 2395 aureus
829 2326 865 2391 sit
880 2325 985 2401 calor,
1010 2351 1073 2394 non
1092 2320 1260 2394 febrimuss
1286 2346 1343 2396 aut
1368 2352 1423 2397 cur
1443 2322 1523 2397 ebrii
1547 2327 1645 2399 autho
1668 2323 1713 2399 ob
1743 2361 1794 2416 m,

292 2442 412 2522 portam
427 2427 493 2495 vini
506 2425 608 2494 calore
632 2446 698 2494 non
723 2422 883 2491 febriunt?
1824 2466 1829 2474 -

331 2526 460 2616 Quum
473 2543 579 2622 partes
600 2526 754 2621 principes
777 2519 924 2590 laborant
949 2523 1111 2608 οἵᾳφᾶορᾷ,
1145 2527 1179 2591 &
1209 2517 1313 2602 febre,
1347 2530 1487 2593 maxima
1506 2543 1642 2622 exparte
1660 2548 1713 2598 ve-
1738 2583 1763 2635 F
1779 2574 1796 2633 ι
1850 2573 1881 2634 4

290 2620 350 2691 luti
365 2623 467 2700 lenta,
494 2627 529 2692 δι
546 2618 785 2722 symptomatica
809 2625 995 2696 intereunt,
1024 2627 1063 2688 -&
1083 2625 1216 2691 incautis
1236 2622 1371 2692 Medicis
1394 2627 1428 2693 &
1454 2618 1713 2721 imprudentibus
1737 2594 1864 2734 pix„

293 2715 382 2817 nobis
394 2724 594 2819 eripiuntur.
628 2726 709 2821 Qio
716 2723 815 2791 modo
829 2721 963 2789 Condaei
981 2720 1163 2817 Principisa
1183 2740 1275 2820 partu
1294 2744 1379 2791 uxot
1398 2725 1553 2793 interiita
1576 2747 1711 2823 corrup-
1737 2761 1833 2803 enra-

292 2824 380 2909 tl'on'e
396 2838 558 2890 uterorum
599 2822 773 2915 Qrodnon
797 2819 1090 2889 animadverterunt
1099 2822 1235 2891 Medici.
1264 2823 1475 2918 Hippocrates
1489 2822 1551 2891 hoc
1565 2825 1710 2894 anhnad-
1734 2831 1857 2901 priorem

294 2921 410 3008 vertit,
444 2921 502 3013 qui
519 2944 584 2988 non
599 2923 730 3014 requirit
750 2902 870 2989 febrem
885 2916 1130 2987 ardentillimam
1149 2923 1180 2991 in
1206 2915 1322 2990 morbo
1342 2924 1425 2991 uteri
1489 2927 1709 3021 rtotruptio-
1732 2911 1804 2983 sm
1820 2911 1880 2975 Μ’

294 3040 385 3096 nem,
410 3019 594 3097 immoait,
618 3019 682 3104 πῦρ
705 3015 834 3105 anubis
861 3064 870 3092 ,
907 3015 1004 3094 idest,
1029 3011 1164 3088 blandus
1197 3066 1208 3095 ,
1240 3023 1342 3096 mitis,
1368 3026 1402 3091 &
1421 3022 1459 3090 de
1483 3022 1657 3092 discolore
1695 3071 1703 3090 ·
1738 2995 1863 3149 ms,

293 3117 369 3200 Yon
384 3135 492 3189 autem
511 3112 645 3203 ,Male
669 3118 811 3188 notanda
835 3114 901 3184 est.
928 3112 1027 3187 Unde
1052 3120 1263 3213 Hippocrates
1285 3111 1342 3186 lib.
1365 3126 1397 3184 6.
1415 3121 1506 3215 Epid.
1534 3122 1712 3212 quamdam
1741 3159 1791 3216 m
1813 3173 1823 3219 ¹
1843 3159 1879 3216 de

294 3207 425 3313 spetiem
449 3211 543 3286 febris
566 3212 727 3285 constituit
745 3228 760 3293 ',
793 3221 892 3309 quam
919 3234 1014 3285 vocat
1035 3212 1109 3299 Ziph
1132 3210 1260 3302 βλιὶιρὸν
1286 3267 1293 3283 .
1329 3219 1481 3285 Gorraeus
1503 3240 1561 3314 per
1584 3218 1712 3313 hyphen
1740 3202 1842 3301 mitt}

294 3317 488 3408 Comun'glb
511 3333 551 3385 ut
583 3314 707 3383 dicatur
737 3310 845 3399 vverde
873 3307 1118 3397 ξψς-βλῐὶρὸσ.
1152 3318 1301 3383 Gorraeus
1335 3318 1367 3383 in
1398 3314 1534 3384 didione
1566 3307 1714 3404 We.
1738 3326 1861 3386 melin.

295 3419 297 3424 '
342 3415 505 3500 =Dentium
521 3413 707 3480 catinorum
724 3409 876 3476 extrariio
900 3404 1086 3502 periculosa.
1113 3412 1144 3475 Si
1160 3413 1242 3478 dum
1275 3407 1461 3488 irascuntur,
1494 3432 1584 3482 tanta
1608 3416 1714 3508 pueris
1786 3427 1841 3476 ar.

293 3512 450 3581 eveniunt
465 3504 694 3607 symptomata,
719 3508 801 3575 tanti
814 3527 927 3574 eorum
941 3503 1158 3572 extrat'tioesse
1175 3500 1290 3583 debet,
1312 3526 1353 3577 ut
1364 3532 1429 3575 non
1439 3511 1498 3577 nist
1513 3529 1629 3601 magna
1639 3533 1715 3580 cau.
1741 3512 1847 3567 Dentes

292 3614 380 3680 tione
406 3611 478 3678 liat.
506 3601 689 3677 lnseruntut
704 3609 736 3674 in
763 3599 1003 3674 suisacetabulis
1017 3596 1389 3684 exadversoocolorum,
1420 3608 1509 3676 radix
1541 3608 1715 3705 implanta·
1741 3593 1838 3649 “¹¹³⁶''

293 3729 348 3779 tur
363 3709 508 3802 longius.
528 3708 786 3800 Haemorrhagiae
824 3728 873 3774 ua
892 3702 950 3772 sisti
964 3699 1051 3772 facile
1060 3726 1125 3770 non
1134 3701 1278 3801 possunt,
1301 3698 1533 3800 insequuntur,
1550 3700 1712 3781 &absees-
1741 3689 1792 3732 ‘⁸'
1893 3776 1895 3782 ,

294 3803 346 3878 sus
369 3812 423 3878 vix
438 3801 584 3904 sanabilis
605 3827 710 3875 metus
729 3804 786 3873 effe
799 3730 894 3873 iulet.
1738 3752 1866 3899 2:252,

341 3906 458 3991 Joanni
474 3905 572 3975 Color
589 3904 775 3974 Lithotomo
792 3898 884 3973 febris
904 3920 971 3971 erat
1000 3904 1180 3979 continua,
1213 3896 1377 3975 &causus
1406 3898 1546 3975 secunde
1571 3900 1676 4003 speciei
1700 3955 1712 3987 ,
1738 3909 1853 3990 gravit

293 4001 392 4102 quem
410 3998 622 4103 Hippocrates
646 3998 823 4072 describit.
852 4003 1000 4071 Materies
1023 4020 1089 4070 erat
1114 4003 1263 4099 phlegma
1287 3997 1399 4072 salsum
1423 4008 1457 4074 &
1482 4024 1604 4101 putre,
1636 4030 1711 4076 nam
1740 4005 1874 4063 acciaen-

293 4104 349 4175 tali
363 4105 500 4173 humore
525 4095 731 4173 abundabat.
759 4106 799 4171 Et
813 4101 899 4168 calor
922 4103 1089 4168 acerrimus
1111 4122 1198 4179 erat,
1223 4104 1312 4197 quod
1329 4096 1387 4172 bili
1411 4102 1546 4197 quidam
1568 4098 1644 4171 falso
1662 4124 1712 4173 at·
1742 4089 1796 4149 η’·
1829 4141 1834 4151 ·

293 4197 461 4273 tribuunt.
489 4203 631 4272 Galenus
658 4206 742 4273 enim
759 4205 883 4295 igneam
906 4199 1111 4279 caliditatem,
1137 4206 1171 4270 δι
1197 4220 1340 4274 urentem
1364 4202 1409 4271 ait
1432 4204 1558 4273 excitati
1582 4196 1626 4271 ob
1659 4200 1712 4274 su·
1732 4166 1861 4325 §³:¹25

293 4297 411 4374 mosam
430 4296 652 4379 substantiam,
677 4303 828 4399 apituita
855 4293 929 4368 salsa
958 4305 1151 4369 excitatam.
1190 4302 1299 4394 Atque
1324 4304 1405 4370 inter
1434 4320 1546 4373 caetera
1570 4304 1713 4374 notanda
1748 4264 1796 4326 pc
1848 4289 1858 4312 ⁸

295 4396 385 4480 sunt,
409 4401 484 4496 quae
501 4403 710 4497 Hippocrates
734 4403 778 4468 ait
800 4401 923 4469 evenire
938 4400 971 4466 in
995 4392 1089 4468 caus)
1113 4423 1179 4467 non
1201 4399 1361 4492 legitimo,
1387 4401 1525 4496 pudendi
1552 4400 1635 4471 livor
1659 4396 1711 4470 su-

293 4501 451 4610 pervenit.
477 4498 654 4569 ‘resticulus
678 4520 809 4592 quoque
831 4491 968 4565 intensus
990 4499 1194 4588 judiortorius
1216 4496 1277 4565 est.
1303 4499 1395 4567 Nam
1418 4492 1711 4591 incredibilequan-

292 4620 367 4669 tum
387 4597 473 4667 testes
497 4593 689 4667 abscesserint
711 4648 717 4663 .
744 4591 999 4666 Consentaneum
1031 4613 1168 4670 autem,
1191 4598 1236 4663 ait
1258 4596 1428 4672 Galenus,
1453 4614 1492 4664 ut
1509 4597 1573 4664 hec
1593 4599 1674 4665 liant
1697 4646 1708 4678 ‚

290 4701 447 4794 quoniam
462 4701 497 4767 &
514 4690 677 4796 pituitosae'
696 4690 794 4764 febres
818 4718 872 4791 per·
890 4686 1059 4763 abscessum
1084 4694 1192 4788 potius
1214 4694 1421 4779 judieentut,
1452 4717 1555 4788 quam
1577 4716 1634 4790 pet
1657 4718 1712 4764 ex·

290 4798 479 4866 cretionem:
504 4796 583 4865 Etsi
608 4798 641 4864 in
666 4813 753 4893 parte
769 4791 930 4869 inferiore,
954 4812 993 4860 ut
1012 4796 1118 4881 jejuno
1134 4795 1170 4861 δι
1195 4811 1329 4873 ventre,
1354 4787 1442 4861 locus
1466 4785 1559 4860 febris
1583 4792 1639 4869 fit,
1663 4797 1711 4860 in-

292 4893 421 4982 feriores
502 4898 549 4967 ius
573 4914 677 4992 partes
700 4895 789 4963 crisin
815 4895 1011 4989 percipiunt.

342 4913 511 5073 Mitapprt,
534 4996 636 5062 curin
661 4993 943 5089 peripneumoniis,
969 4992 1004 5061 δι
1019 4982 1203 5061 ardentibus
1225 4983 1386 5068 febribus,
1409 5001 1548 5078 quarum
1578 4982 1613 5044 in
1641 4980 1714 5077 pul·
1741 5009 1818 5073 ηιμ,
1831 5030 1875 5074 „.

395 5091 535 5164 aaronis
550 5091 649 5186 Oper.
674 5093 838 5160 Temusl.
1253 5088 1275 5153 F
1570 5090 1665 5146 mone
