4534 5850
505 462 1530 546 erethrnenrnum,trnr.
1636 485 1677 557 n
1851 462 1860 505 t

297 617 361 688 nos
376 617 439 708 qni
461 615 543 682 nihil
567 613 625 682 tale
649 616 681 681 iu
704 613 795 684 Caelo
829 617 896 684 fieri
927 632 1194 710 auguramur,
1219 631 1315 685 tantae
1339 633 1470 709 tamque
1493 609 1802 689 subita-mutam,
1830 625 1888 665 m·

296 716 398 786 tionis
423 707 548 807 §austum
572 706 1010 809 mirabamur-..Numquam
1036 715 1227 784 credidissem
1250 733 1354 785 tantas
1385 708 1555 784 turbas&
1581 714 1732 783 mutatio-
1745 700 1817 775 lm
1833 706 1886 833 ‘⁸⁰‘

289 832 360 891 ¹nes
376 814 497 885 exutari
519 814 554 879 in
577 807 642 879 istis
665 812 797 882 Solis&
820 814 942 892 Isunae,
966 821 1001 889 dr
1032 809 1354 884 Coeli'affediionibus
1379 861 1388 882 .
1414 811 1643 885 Conuulfionos
1679 833 1728 881 rt-
1744 771 1832 846 stru
1845 785 1889 915 u:

301 929 396 1008 perte
426 909 751 988 medentes‚de1nia
785 916 819 980 &
877 931 967 982 raeter
990 915 1147 982 rationem
1172 937 1263 984 novae
1297 905 1460 984 &subito
1490 910 1656 979 incidentes
1691 911 1725 977 in
1796 928 1805 993 j

299 1002 420 1081 morbis
442 1012 633 1080 mutationes
655 1031 692 1080 et
715 1009 810 1080 noste
865 1016 905 1080 tis
926 1011 1027 1082 fidem
1045 1008 1213 1082 lecerunt:
1238 1012 1338 1082 Unde
1361 1035 1426 1080 non
1458 1006 1515 1082 abs
1540 1031 1573 1079 re
1594 1009 1722 1103 Hippu-
1788 1068 1797 1099 ι
1822 1070 1826 1075 .

299 1127 397 1179 uates
422 1127 552 1200 magns
575 1107 656 1179 aeris
679 1112 869 1180 mutationes
893 1111 985 1182 valde
1007 1104 1215 1183 observandas
1229 1114 1375 1209 putavit.
1489 1170 1494 1178 .
1678 1140 1706 1182 .·
1837 1168 1841 1174 .

288 1262 292 1269 .
348 1198 464 1279 Nobili
487 1208 612 1279 mulleri
630 1209 809 1279 cachobtica
824 1207 902 1306 post
924 1186 1320 1301 horatiorum'h‘rustuum
1342 1203 1438 1280 usum
1453 1188 1727 1280 immodicumrffd·
1744 1221 1872 1290 mina·

299 1307 447 1377 mitiones
467 1299 583 1376 biliosa
588 1353 604 1409 3.
626 1302 953 1400 mughosae'cdolor
977 1311 1018 1378 ad
1052 1308 1202 1381 stomachi
1225 1311 1388 1402 regionem
1412 1333 1426 1377 ι.
1444 1310 1592 1380 Cautum
1615 1321 1681 1373 erat
1700 1325 1724 1373 a
1744 1303 1895 1383 »esd-dig·

302 1406 432 1473 Medico
457 1428 496 1476 ne
520 1407 661 1483 vomitus
673 1404 833 1477 sisteretur
839 1451 851 1485 ‚
872 1428 980 1477 tamen
1005 1427 1119 1504 prater
1142 1408 1304 1477 consilium
1328 1406 1477 1505 repressus
1498 1405 1560 1474 est:
1586 1402 1724 1475 virulen-
1744 1393 1890 1490 mim,

301 1521 335 1572 ra
349 1507 479 1579 materia
493 1502 625 1603 repressa
643 1505 867 1576 anucilsrmum
896 1507 1038 1576 dolorem
1063 1531 1138 1576 cum
1166 1526 1292 1576 tumore
1317 1508 1474 1578 accersivit
1488 1509 1521 1574 in
1546 1506 1648 1603 prima
1655 1523 1725 1571 cor-
1745 1472 1891 1617 &5⁰⁸3

298 1604 385 1698 poris
406 1606 550 1696 regione.
578 1601 768 1701 Supervenit
785 1624 957 1675 recurrente
975 1606 1110 1675 humore
1119 1606 1160 1674 ad
1173 1625 1296 1702 partem
1314 1607 1458 1677 edestam
1469 1596 1727 1682 febrearias,
1746 1574 1878 1715 mr,

299 1701 406 1793 algent
429 1705 566 1780 extima,
590 1724 735 1772 uruntur
759 1706 899 1783 interna,
923 1702 993 1801 post
1016 1704 1185 1775 duodecim
1216 1705 1310 1774 horas
1335 1727 1354 1773 a
1377 1706 1490 1802 lipyria
1518 1705 1660 1771 interiitr
1685 1701 1724 1770 stc
1742 1717 1885 1797 sspfm

299 1818 394 1869 nocet
418 1800 598 1896 plurimum
622 1801 798 1871 diarrhoeas
812 1807 846 1871 δι
861 1806 1050 1874 vomitiones
1066 1802 1183 1886 sillere,
1209 1796 1377 1899 prasertim
1403 1801 1427 1870 fi
1450 1823 1524 1894 quae
1555 1819 1725 1870 externum
1808 1886 1813 1899 Ι

301 1915 359 1965 tur
382 1900 505 1966 excerni
529 1892 668 1967 debent.
1708 1949 1713 1961 ·
1777 1894 1812 1979 ‚J

354 1998 471 2089 Qum
494 2019 512 2065 e
535 1997 689 2092 pulmone
705 1991 831 2091 sanguis
847 2001 984 2089 rejicitur
1013 2000 1116 2079 ruffi,
1140 2000 1191 2071 ille
1212 2004 1299 2072 omni
1329 2017 1395 2070 arte
1411 2000 1539 2097 reprimi
1571 1993 1664 2068 debet
1688 2003 1723 2071 δι
1771 2067 1781 2091 ,

300 2086 399 2162 solet:
425 2096 478 2162 An
494 2094 556 2161 hoc
575 2113 714 2166 verume
738 2099 770 2168 Si
787 2089 882 2166 febris
899 2097 1002 2175 adest,
1026 2097 1148 2171 constat
1173 2106 1206 2170 &
1231 2098 1275 2168 est
1291 2118 1379 2170 extra
1395 2100 1639 2168 controversiam
1654 2122 1726 2166 om-
1748 2074 1887 2151 arnaco·
1944 2137 1952 2154 ·

298 2213 372 2260 ’κω
391 2215 457 2261 ¹¹⁰ss
474 2186 587 2268 debile
611 2192 689 2272 sisti,
714 2197 769 2263 nili
785 2218 891 2289 quum
917 2192 1106 2266 sufficienter
1122 2204 1157 2267 bt
1182 2200 1395 2276 imminutus,
1430 2202 1463 2265 δι
1496 2195 1560 2265 alio
1585 2190 1727 2266 revulsus
1746 2173 1888 2310 'mm

301 2286 400 2359 fuerit
420 2280 582 2384 necessasia
596 2315 684 2361 vente
703 2288 858 2362 scaione:
882 2296 956 2362 Hoc
970 2296 1094 2364 Galeno
1115 2297 1240 2366 videtur
1256 2299 1351 2367 Com.
1378 2299 1412 2362 in
1427 2293 1551 2389 Aphor.
1577 2294 1669 2387 quod
1676 2297 1726 2361 ina
1747 2334 1796 2396 μγ
1821 2317 1881 2394 for·

299 2389 663 2483 flammationismagna
678 2390 716 2459 fit
740 2384 901 2486 suspicio:
928 2393 981 2461 An
1002 2409 1075 2460 tum
1099 2395 1224 2461 malurn
1249 2392 1334 2462 este
1359 2391 1514 2490 pulmone
1537 2385 1725 2483 sanguinem
1750 2402 1859 2460 midan.-

299 2487 414 2558 educi?
437 2490 585 2584 ‚Quidam
609 2492 738 2559 nomine
771 2484 932 2561 Revesche
956 2484 1029 2559 litis
1052 2490 1226 2562 declaravit
1256 2486 1334 2587 sape
1358 2496 1495 2557 innocue
1527 2510 1545 2556 c
1575 2489 1728 2584 pulmone
1750 2485 1808 2545 da.

298 2580 486 2680 sanguiraem
510 2593 615 2678 rejici:
640 2612 717 2660 nam
742 2589 882 2660 vidimus
905 2611 980 2660 eum
1013 2583 1091 2685 stpe
1115 2583 1261 2658 febribus
1284 2590 1480 2665 detentum,
1504 2580 1731 2682 cum-quibus

298 2687 376 2754 alias
399 2706 570 2757 cruentum
593 2692 734 2783 expuit,‘
747 2687 825 2757 alias
850 2684 1036 2781 sanguinem
1061 2689 1250 2785 epulmone
1273 2682 1474 2786 spumantem
1497 2685 1729 2781 expeuonvit:

300 2779 352 2850 sed
372 2785 433 2854 hoe
456 2806 607 2951 putamus
630 2781 675 2855 ob
690 2787 857 2856 mollitiem
882 2789 1044 2884 pulmonis
1069 2790 1166 2867 fieri,
1191 2807 1229 2857 ut
1253 2788 1287 2857 id
1310 2786 1382 2856 esset
1404 2787 1451 2854 illi
1476 2783 1573 2853 instar
1596 2809 1730 2858 evacua-

300 2887 401 2952 tionis
426 2877 577 2963 soennis,
602 2905 659 2956 aut
677 2909 732 2982 per
754 2909 874 2965 nares,
897 2907 957 2956 aut
981 2910 1036 2984 per
1059 2887 1354 2981 haemorrhagian:
1378 2883 1481 2981 Qud
1504 2907 1609 2979 quum
1633 2886 1671 2954 fit
1695 2889 1731 2956 δι
1851 2917 1855 2925 ·

302 2976 440 3079 sulpicio
456 2984 718 3055 inflammationis
731 3008 797 3055 non
821 2983 885 3063 est,
910 2991 945 3054 δι
969 3011 1041 3078 quae
1065 2985 1151 3056 adest
1167 2981 1262 3055 sebris
1286 3012 1351 3055 non
1383 2978 1429 3051 ob
1454 2989 1573 3054 vitium
1597 2991 1632 3053 in
1656 2983 1730 3080 pul-

299 3105 399 3151 mone
422 3078 596 3162 oboritur,
618 3078 672 3153 sed
697 3104 827 3181 propter
851 3104 1018 3180 corruptos
1050 3088 1082 3152 in
1115 3081 1296 3155 mesenterio
1322 3086 1500 3159 humores,
1523 3101 1596 3151 tum
1621 3085 1727 3150 minus

299 3176 523 3252 formidandus
537 3183 581 3253 est
605 3184 656 3253 ille
678 3186 814 3281 impetus
838 3178 1003 3273 sanguinis
1027 3206 1082 3280 per
1106 3208 1158 3253 os:
1182 3186 1238 3252 nisi
1252 3187 1337 3253 enim
1360 3203 1479 3274 magna
1497 3175 1727 3274 vastrrumpul-

300 3286 406 3349 monis
419 3281 490 3351 eiier
506 3284 676 3359 mollities,
700 3292 860 3380 impetum
884 3278 1043 3375 sanguinis
1067 3308 1134 3351 non
1159 3279 1248 3352 sutile
1273 3277 1451 3357 sustinens,
1477 3279 1518 3347 ad
1542 3300 1631 3347 nares
1656 3270 1727 3347 san-

296 3380 372 3468 guis
394 3387 481 3448 viam
495 3383 670 3450 affedlatett
694 3383 836 3449 vidimus
851 3386 911 3472 qui
936 3388 1042 3449 minus
1065 3375 1142 3472 sape
1165 3385 1287 3447 minore
1309 3382 1489 3472 quantitate
1513 3369 1729 3469 sanguineme

299 3473 459 3569 pulmone
484 3476 683 3560 mactarent,
706 3499 789 3564 quos
812 3482 954 3567 proxime
977 3470 1064 3538 tabes
1087 3476 1124 3537 sit
1147 3471 1333 3541 consecuta.
1359 3480 1574 3563 Qramquam
1606 3495 1727 3565 magno

299 3592 389 3667 opus
412 3570 457 3639 est
478 3573 618 3659 judicio,
644 3588 681 3638 ut
704 3568 881 3657 distinguas
904 3594 945 3639 an
970 3573 1105 3636 excretio
1127 3569 1180 3637 illa
1203 3564 1364 3661 sarsgninis
1386 3571 1423 3637 sit
1448 3563 1663 3646 formidanda,
1687 3592 1729 3637 an

303 3696 393 3748 non,
417 3693 525 3763 quum
549 3674 641 3766 parvi
666 3693 733 3737 non
758 3664 870 3737 reserat
894 3664 970 3735 scire
994 3668 1165 3761 quomodo
1189 3662 1219 3736 le
1241 3692 1277 3737 ea
1301 3672 1334 3735 in
1359 3691 1392 3736 re
1415 3687 1521 3760 gerere
1543 3686 1691 3764 oporteat
1716 3722 1725 3737 .

350 3769 484 3841 illustris
508 3768 552 3841 est
568 3769 702 3837 Lutetiae
725 3763 865 3845 familia,
890 3772 922 3836 in
947 3788 1015 3860 qua
1039 3766 1135 3834 multi
1160 3762 1234 3836 sunt
1249 3760 1357 3844 liberi,
1380 3790 1525 3861 quorum
1543 3753 1727 3862 aliialiqui'd
1753 3794 1886 3879 ‘amm

300 3876 437 3941 retinent
461 3873 609 3941 nativum
632 3891 651 3935 a
675 3885 792 3962 patre,
817 3866 875 3935 alii
907 3890 927 3935 a
959 3885 1081 3932 matre:
1115 3866 1206 3934 Pater
1230 3873 1366 3934 minimo
1389 3868 1656 3937 medicamentulo
1680 3892 1728 3937 re-
1749 3885 1867 3956 spania

301 3990 480 4068 purgatur,
505 3971 589 4039 idem
612 3960 716 4033 liberis
739 3984 908 4060 paternum
929 3965 1010 4059 quid
1035 3957 1231 4033 habentibus
1254 3969 1413 4056 corrigit:
1438 3968 1579 4034 Matrem
1603 3968 1725 4036 nonnisi
1746 3972 1780 4025 ir
1801 3971 1887 4023 medi·

304 4070 649 4140 validamedicamenta
674 4083 901 4134 commouent:
927 4065 996 4157 Qri
1021 4080 1201 4131 maternum
1227 4064 1307 4157 quid
1331 4058 1479 4139 habent,
1505 4065 1626 4129 nonnisi
1651 4066 1729 4133 vali-
1748 4052 1813 4147 cina
1837 4047 1889 4123 ΙΙ·

297 4169 351 4236 dis
368 4171 605 4239 medicamentis
621 4182 882 4240 commoventur3
907 4162 988 4231 adeo
1012 4166 1119 4252 magni
1148 4158 1241 4230 refert
1274 4161 1313 4231 ad
1337 4163 1511 4256 prudenter
1535 4160 1727 4232 medendum
1748 4134 1850 4267 ‘'22⁸‘ss

301 4293 370 4338 non
385 4270 537 4338 Civitatis
554 4284 702 4339 tantum,
727 4285 793 4329 non
819 4256 941 4338 urbis,
965 4283 1030 4328 non
1045 4261 1162 4328 domus
1189 4262 1377 4358 peculiarem
1401 4254 1518 4330 habere
1541 4266 1692 4330 notitiam
1715 4308 1728 4342 ‚
1749 4230 1879 4352 ,mim

303 4360 356 4436 std
372 4361 528 4460 cujusque
553 4360 792 4441 r'lroouyrrpuolnr
806 4367 917 4429 animo
940 4358 1120 4456 imprclsam
1145 4378 1266 4429 tenere.
1749 4374 1806 4447 est.

352 4470 467 4567 Qum
493 4466 546 4534 die
570 4466 812 4555 decimoquarto
836 4454 942 4529 morbi
967 4477 1082 4528 natura
1105 4460 1228 4551 aliquid
1252 4460 1408 4531 decernit,
1433 4461 1468 4524 δι
1492 4454 1573 4526 sums
1595 4458 1725 4527 autalio

304 4573 471 4643 excernit,
495 4585 553 4635 aut
580 4586 635 4660 per
660 4562 797 4626 aaaron
845 4577 904 4628 aut
929 4582 984 4654 per
1008 4562 1108 4638 inpar,
1132 4558 1296 4648 numquid
1327 4580 1399 4648 quae
1432 4548 1568 4623 abscedit
1593 4564 1725 4622 materia

307 4660 401 4741 alba,
426 4666 528 4741 lavis,
553 4669 588 4733 δι
612 4662 760 4757 aqualis3
784 4652 1012 4746 cujusmodiest
1036 4676 1110 4726 vera
1128 4651 1317 4748 hypostasis,
1342 4653 1505 4722 mitificant
1520 4652 1584 4729 est,
1609 4655 1725 4720 &eha-

305 4760 458 4832 meterem
474 4784 594 4833 natura
620 4769 757 4858 recepit?
782 4761 806 4827 fi
829 4757 889 4826 hoc
913 4776 1048 4830 utrum,
1071 4775 1129 4819 eur
1152 4758 1274 4846 parotis
1297 4754 1438 4829 critica,
1461 4769 1520 4819 aut
1541 4751 1626 4817 alius
1649 4754 1725 4839 qui-

290 4851 513 4932 -visabsccllus
542 4866 670 4930 criticus
694 4884 732 4929 eo
760 4853 830 4956 ipso
842 4858 895 4925 die
911 4878 981 4948 quo
996 4856 1138 4947 erumpit
1152 4874 1219 4918 non
1242 4845 1415 4949 supputate
1442 4851 1591 4944 AEquum
1612 4844 1647 4908 id
1671 4848 1720 4909 vi-

296 4961 402 5031 ·rlttur
426 4962 462 5029 δι
485 4962 646 5060 numquid
660 4959 836 5057 parotidon
860 4961 994 5061 materia
1016 4952 1119 5023 calida
1144 4946 1204 5019 esti
1594 5026 1659 5092 Cui
