4534 5850
497 486 1518 575 nr·arrrrmea1nuu‚t1n.1r.
1604 514 1672 583 η,

296 644 466 737 adgnitum
497 628 610 732 pulsus
634 620 897 703 instrumentum.
924 635 1013 703 Nam
1044 637 1164 702 arteria
1188 637 1352 703 exteriores
1384 631 1541 732 profunde
1576 630 1723 707 demersa

297 760 395 815 erant
421 783 432 814 ‚
458 740 493 803 δι
519 733 621 801 multa
652 754 747 800 earne
782 734 934 830 &adipe
965 736 1197 813 communita,
1231 752 1270 802 ut
1282 736 1478 828 contingenti
1511 736 1624 803 manui
1656 757 1721 805 non

298 850 523 913 occurrerent.
547 834 588 899 Et
605 847 714 900 tamen
738 831 921 902 convaluit.

351 934 521 1008 Narrat&
536 929 575 995 de
599 930 747 1021 quodam
766 930 867 1000 milite
891 932 925 996 in
952 929 1121 1022 Ungaria,
1145 932 1196 998 cui
1221 925 1338 1025 semper
1361 931 1503 1002 deficiens
1525 951 1592 1003 erat
1609 924 1720 1031 pulsus

297 1038 365 1106 fine
379 1029 635 1125 reciprocatione.
663 1030 708 1099 At
732 1027 765 1095 id
781 1050 819 1096 ex
844 1021 1032 1099 vulneribus
1056 1022 1239 1121 obtigerat.
1268 1026 1411 1099 Diffeuae
1435 1032 1519 1101 enim
1538 1026 1661 1102 fueram
1685 1030 1727 1099 itt.

295 1151 436 1224 utraque
459 1149 559 1197 manu
575 1133 716 1200 arteriae,
740 1148 885 1218 quarum
899 1129 1050 1196 cicatrices
1065 1120 1264 1224 supererant,
1289 1131 1322 1196 in
1349 1127 1454 1196 medio
1478 1121 1604 1199 cubito.
1634 1131 1722 1200 Nar-

297 1251 349 1302 rat
372 1237 408 1301 δι
426 1227 471 1295 de
488 1225 618 1323 Sphasto
638 1221 808 1301 histrione,
833 1248 852 1294 a
876 1244 991 1294 natura
1014 1222 1100 1296 auo
1131 1223 1251 1307 fatuo,
1274 1230 1326 1298 cui
1351 1231 1447 1296 etiam
1480 1219 1558 1295 bene
1590 1249 1723 1324 corpore

299 1325 374 1401 fano
394 1344 485 1397 erant
502 1328 537 1393 in
561 1315 657 1418 pulsu
683 1324 828 1390 omniurn
851 1346 1004 1416 generum
1029 1327 1277 1420 inequalitates.
1305 1329 1345 1397 Et
1368 1318 1442 1394 salse
1466 1317 1537 1394 sara
1562 1321 1727 1422 respondit

301 1429 448 1496 Modicus
465 1418 666 1492 eontrebians
687 1423 853 1500 arteriam,
878 1428 915 1492 dc
942 1426 1155 1517 interrogatus
1180 1426 1261 1519 quid
1289 1428 1317 1498 ei
1340 1424 1501 1498 videretur
1531 1424 1570 1492 de
1593 1419 1727 1523 pulsus

300 1528 411 1597 Talem
438 1521 497 1595 elle
521 1520 615 1618 ipsius
638 1516 796 1588 histrionis
830 1517 960 1615 pulsum
984 1569 996 1601 ,
1019 1522 1114 1617 quale
1139 1520 1220 1594 foret
1243 1526 1436 1617 ingenium.
1462 1523 1603 1606 Narrat,
1628 1527 1664 1592 dt
1687 1521 1729 1590 de
1795 1594 1798 1598 ,

302 1623 487 1699 Monacho,
511 1624 563 1689 cui
581 1612 691 1716 pulsus
713 1615 940 1690 intermittebat
957 1623 1115 1715 quamdiu
1142 1624 1249 1694 vixit.
1275 1625 1354 1715 Qro
1376 1624 1511 1718 pertinet
1533 1620 1660 1692 historia
1685 1620 1726 1693 de
1777 1624 1848 1705 A*
1861 1644 1869 1653 ·
1882 1640 1931 1681 Ν

299 1729 429 1812 puvene,
453 1723 512 1814 qui
527 1720 661 1787 dumex
685 1711 803 1784 morbo
818 1738 1015 1810 emergeret,
1040 1713 1098 1789 suo
1122 1715 1217 1814 pulsu
1247 1723 1473 1791 intermittente
1498 1721 1641 1787 Medicus
1665 1735 1728 1786 ret·
1751 1708 1862 1778 maa.

300 1829 389 1899 ruit,
413 1816 643 1910 ignorantesid
667 1809 724 1880 else
740 1805 899 1888 myrris.
927 1817 1021 1884 Petro
1045 1818 1189 1885 Conario
1219 1834 1330 1885 tumor
1366 1815 1538 1979 tephacerrs
1563 1810 1623 1884 sub
1647 1833 1729 1885 arte·
1752 1799 1849 1863 '‘l-⁴⁰

300 1926 354 1989 tia
370 1919 414 1987 ad
437 1937 473 1984 os
506 1907 607 1983 cubiti
630 1911 833 1980 adcreverat.
863 1905 943 1985 Vasa
969 1906 1119 1982 ‘endem‘
1142 1937 1150 1980 ²
1174 1914 1305 2010 P¹⁰i¹lde
1329 1912 1386 2009 Pul
1401 1935 1438 1980 ω
1471 1914 1606 1987 tenfivus
1629 1920 1729 2012 perd*
1749 1884 1896 2033 lxm:

302 2011 469 2183 prebatur.
495 2016 577 2080 item
599 2014 634 2079 δι
656 2007 749 2075 militi
764 2009 878 2078 Turcae
902 2013 936 2078 in
959 2003 1045 2084 febre
1070 2015 1223 2082 continua
1243 2006 1354 2109 pulsus
1377 2029 1443 2082 erat
1457 2007 1603 2099 Ιῖκροτοε.
1630 2008 1729 2088 Febre
1753 2048 1866 2126 app„

320 2110 441 2184 'berato
465 2112 550 2180 idern
575 2125 640 2178 erat
656 2101 781 2202 pulsus:
806 2125 921 2178 natura
937 2118 1023 2178 enim
1049 2110 1119 2178 talis
1143 2111 1187 2179 illi
1203 2130 1270 2181 crat
1294 2164 1302 2180 .
1337 2112 1396 2182 Sed
1422 2116 1456 2183 dr
1480 2107 1667 2182 admirabile
1690 2113 1730 2181 il·
1752 2152 1850 2196 m,

303 2213 362 2282 lud
375 2214 415 2281 de
431 2212 559 2282 Comire
584 2207 724 2282 Polono‚
748 2204 801 2273 cui
815 2200 939 2283 ἆσφυξῖα
963 2205 1027 2276 fuit
1053 2232 1108 2306 per
1139 2230 1192 2294 ¹4·
1221 2210 1284 2280 dies
1315 2229 1388 2282 ante
1412 2203 1563 2279 obitum.
1590 2213 1666 2298 Ejus
1690 2214 1731 2281 fi-

301 2313 349 2381 lio
373 2308 434 2380 fuit
462 2327 591 2381 tantum
616 2325 670 2399 per
694 2302 777 2370 diem
793 2323 899 2371 unum
924 2351 934 2371 .
961 2307 1087 2376 Mirum
1114 2303 1212 2390 fuit,
1245 2309 1411 2400 quomodo
1442 2307 1567 2378 tamdiu
1595 2302 1730 2386 ἄσφυκτος

303 2412 441 2481 manfit.
1134 2433 1138 2438 ’
1694 2463 1698 2470 .
1782 2410 1788 2417 “

353 2509 503 2603 Plerique
523 2500 622 2576 febres
642 2496 760 2574 babent
775 2501 875 2575 lentas
899 2496 1181 2604 symptomaticas,
1205 2532 1284 2603 quas
1310 2511 1429 2604 vulgus
1453 2497 1553 2577 febres
1575 2529 1642 2575 non
1665 2517 1732 2602 ptri

303 2626 355 2677 tat
380 2606 453 2678 elle.
480 2607 569 2676 Nam
583 2627 689 2698 quum
715 2597 812 2671 senstti
840 2604 1004 2675 addistum
1030 2609 1099 2686 srt,
1130 2633 1196 2676 non
1243 2627 1314 2677 urat
1351 2631 1421 2680 vere
1451 2600 1643 2686 febricitare,
1670 2603 1727 2673 nili

300 2725 360 2776 aut
375 2711 479 2798 rigor,
503 2700 618 2796 frigus,
644 2704 779 2778 horror,
801 2721 856 2771 aut
872 2704 983 2797 aliqua
999 2699 1142 2786 salta,
1167 2633 1262 2785 ried,
1277 2706 1441 2799 angustia,
1467 2702 1648 2777 molestiave
1665 2704 1723 2771 fir.

303 2808 404 2879 Unde
421 2806 482 2871 fine
497 2801 712 2877 distnretione,
739 2799 799 2869 stne
823 2802 940 2887 judicio
962 2798 1071 2873 cibant
1094 2825 1223 2897 agros,
1248 2829 1303 2875 nte
1330 2806 1426 2875 ullius
1450 2802 1660 2879 acceliionis,
1692 2805 1730 2869 δι

302 2895 507 2980 tricenaria,
531 2901 652 2970 latentis
672 2903 829 2967 rationem
854 2894 988 2970 habent.
1013 2904 1102 2973 Nam
1119 2928 1225 2996 quum
1251 2904 1346 2974 lateat
1366 2905 1521 3002 putred0,
1547 2907 1582 2972 δι
1605 2905 1727 2972 humor

303 2997 472 3073 conclusus
489 2999 546 3078 stt,
569 3023 636 3068 non
650 2995 864 3067 disseminatus
880 3022 938 3095 per
962 3020 1067 3097 partes
1083 2995 1197 3069 sensiles
1213 3003 1318 3084 (unde
1342 3007 1453 3097 rigoris
1474 2997 1578 3071 sensus
1600 2998 1686 3071 adest
1710 2999 1722 3083 )

304 3103 404 3174 latens
421 3106 456 3170 δι
471 3092 605 3168 obscura
629 3092 829 3175 moravia,
854 3100 938 3166 uude
955 3102 988 3166 in
1012 3092 1129 3168 talibus
1153 3093 1354 3173 merwala<
1375 3105 1452 3192 aegri
1470 3117 1604 3195 pereunt
1618 3103 1727 3166 incau-

305 3206 347 3270 tis
369 3200 522 3270 Medicis.
549 3199 692 3269 Maxime
717 3218 792 3265 vero
808 3196 841 3267 id
853 3202 1031 3292 contingit,
1057 3192 1174 3266 srfebri
1198 3198 1289 3266 lente
1303 3196 1473 3282 conrunsta
1491 3198 1527 3263 stt
1546 3196 1701 3292 periodica
1718 3219 1736 3259 .·.

304 3302 344 3368 ld
358 3301 448 3392 quod
463 3301 568 3370 evenit
585 3292 681 3390 sepe,
706 3299 740 3362 ἃ
766 3318 885 3388 magno
906 3300 1134 3386 aegrotantium
1152 3300 1404 3365 intertrimento.
1432 3297 1532 3364 Porro
1552 3293 1727 3392 carpendus

303 3397 348 3470 est
365 3402 516 3491 interpres
531 3395 663 3467 Galerii,
680 3397 741 3481 qui
756 3397 911 3480 quoniam
925 3390 1009 3459 libro
1035 3425 1062 3458 r.
1080 3394 1119 3460 de
1135 3394 1201 3459 diff.
1217 3389 1295 3459 febr.
1312 3416 1381 3486 cap.
1399 3420 1432 3476 7.
1449 3414 1565 3460 nomen
1586 3385 1727 3469 &aliaue

305 3521 370 3595 pro
387 3517 458 3562 oom
483 3489 612 3559 ressrone
631 3488 726 3578 legit,
751 3487 832 3553 dum
848 3487 888 3554 de
904 3482 1047 3582 pulsibus
1071 3491 1199 3579 agitur,
1223 3494 1430 3581 grammatica
1472 3486 1589 3556 uadam
1606 3486 1731 3563 lieentia

305 3604 501 3667 ωσιμασιιν
517 3592 552 3657 in
574 3579 717 3656 febribus
734 3583 860 3652 hefflcis
883 3585 954 3682 post
968 3580 1108 3655 sumtum
1133 3581 1261 3665 cibum,
1286 3588 1320 3653 &
1345 3590 1379 3653 in
1406 3592 1465 3681 qui
1490 3586 1602 3656 usdam
1624 3588 1732 3683 putri·

306 3694 356 3761 dis
381 3695 531 3752 «samm
555 3694 674 3761 vocat,
699 3686 934 3753 minorationem
955 3682 1216 3783 incomptessam.
1244 3686 1298 3754 lne
1322 3702 1393 3753 tum
1414 3684 1501 3753 hoe.
1533 3687 1620 3777 Ergo
1638 3688 1731 3766 mer-

305 3781 409 3866 μισῖα
440 3780 590 3859 tamar
613 3787 729 3854 dicitur
752 3785 880 3854 initiunt
905 3784 1068 3869 cujusdam
1093 3706 1414 3864 acceffionrssebrrla‚
1439 3785 1502 3852 fine
1524 3780 1670 3875 angustia
1695 3785 1731 3854 dc

304 3883 470 3960 molestia,
493 3905 567 3977 qua:
585 3887 618 3951 in
642 3886 710 3953 aliis
726 3876 869 3953 febribus
885 3882 982 3953 adesse
999 3879 1093 3962 solet,
1117 3888 1151 3953 in
1168 3879 1288 3976 quibus
1310 3885 1397 3976 rigor
1420 3898 1477 3951 aut
1496 3880 1599 3973 frigus
1627 3884 1731 3949 mani.

305 3981 424 4058 festum
438 3979 501 4051 est.
527 3981 628 4050 Porro
642 3982 955 4053 animadvertendum
976 3982 1083 4059 illud,
1106 3981 1197 4075 quod
1215 4009 1248 4065 9.
1265 4001 1335 4076 cap.
1361 3974 1417 4047 lib.
1443 4002 1471 4046 1.
1490 3980 1531 4049 de
1554 3980 1620 4047 diff.
1648 3973 1729 4046 febr.

307 4077 458 4152 observat
480 4080 641 4159 Galenus,
665 4082 832 4177 quomodo
849 4077 971 4150 illudrl
996 4073 1151 4144 immo
1176 4104 1239 4147 non
1256 4080 1354 4147 modo
1370 4081 1404 4145 in
1420 4077 1548 4148 hedicis
1570 4094 1728 4156 cernatur,

308 4176 361 4249 sed
378 4185 462 4250 &in
477 4182 613 4275 putridis
630 4174 791 4252 febribus.
816 4182 907 4251 Nam
919 4184 953 4250 in
968 4173 1111 4248 febribus
1129 4181 1287 4247 continuis
1312 4172 1384 4247 sunt
1412 4157 1550 4272 quidam
1583 4171 1730 4276 paroxys-

309 4283 356 4348 mi
372 4282 498 4354 excitati
522 4302 542 4347 a
572 4298 664 4351 motu
689 4303 782 4352 novae
806 4283 944 4350 materiei
969 4327 981 4357 ,
1005 4303 1071 4347 non
1090 4277 1245 4346 traduela
1269 4300 1325 4374 ptr
1347 4295 1477 4375 partes,
1499 4276 1728 4373 (quamquam

306 4402 377 4451 non
391 4377 533 4448 cuillinro
548 4377 640 4447 illam
655 4386 820 4449 materiam
835 4381 989 4452 dimoveri
1004 4383 1039 4447 δι
1062 4372 1220 4447 transferri
1240 4422 1252 4455 ,
1276 4368 1326 4445 sed
1350 4382 1526 4446 tenuiorem
1549 4375 1729 4468 quamdam

308 4496 435 4576 partem
458 4497 517 4548 aut
542 4469 647 4547 strum
671 4480 795 4575 potius:
819 4481 831 4562 )
856 4479 985 4548 &tales
1009 4471 1185 4572 paroxyfini
1209 4474 1307 4544 latent
1331 4469 1407 4571 sepe
1432 4496 1489 4542 nos
1514 4519 1522 4539 .
1549 4476 1589 4541 Et
1613 4477 1728 4542 intem-

307 4574 430 4674 pellita
445 4570 599 4646 cibatione
621 4570 726 4646 morbi
745 4576 960 4670 imprudenter
984 4577 1196 4670 porriguntur
1216 4620 1224 4637 .
1250 4574 1427 4669 Quomodo
1442 4590 1550 4650 autem
1576 4564 1728 4667 paroxys-

307 4695 384 4745 mos
404 4666 538 4746 febrium
556 4701 622 4745 non
637 4674 751 4746 necesse
771 4673 808 4741 srr
825 4666 940 4741 habete
965 4675 1115 4741 comitem
1132 4673 1269 4761 rigorem
1297 4688 1354 4740 aut
1373 4672 1570 4746 horrorem,
1594 4690 1633 4739 ex
1663 4663 1731 4748 sm

309 4772 416 4843 tentia
436 4771 609 4851 Arculani,
632 4781 666 4847 in
682 4772 899 4845 Consiliorum
925 4789 1014 4839 tomo
1031 4773 1137 4868 primo
1159 4768 1345 4837 docuimus.

362 4870 505 4955 l⁰21¹¹¹¹es
522 4870 717 4948 l'uthomrer
742 4866 917 4950 lmrm'lis,
941 4892 1023 4968 pene
1047 4863 1132 4939 febre
1152 4868 1238 4939 lenta
1266 4862 1465 4937 laborabat.
1492 4866 1634 4936 Plurima
1668 4865 1730 4929 mi*

312 4968 381 5039 &io
397 4989 501 5059 eaque
517 4968 690 5063 pellueida.
716 4963 866 5039 Diabetes
889 4972 924 5038 in
946 4986 1139 5043 metuerat.
1167 4968 1186 5051 J
1190 4969 1261 5038 urit
1281 4960 1529 5061 phlebotomia,
1553 4966 1589 5026 dc
1607 4974 1729 5058 purga·

399 5066 564 5150 ‘Batanis‘
580 5069 678 5162 Optr.
703 5072 869 5159 Trmurl.
1388 5062 1404 5129 Ι
1633 5064 1680 5111 ‘¹⁰
1754 5083 1756 5090 ’
