4534 5850
527 502 609 571 ET
660 489 1279 577 EPHEMERIDUM,
1332 499 1462 571 Llll.
1515 505 1556 570 ll.
1640 514 1704 597 ¹⁶5

330 648 470 739 halatios
496 653 557 724 stv'e
573 657 651 749 quid
676 655 760 726 aliud
779 664 834 726 vix
854 649 912 725 sub
931 650 1052 723 sensum
1071 656 1204 736 cadens,
1228 658 1316 749 quod
1335 675 1440 727 cantas
1458 652 1572 726 habeat
1596 660 1689 728 vires.
1716 655 1756 722 ld

330 750 424 841 quod
440 756 579 846 primum
593 760 626 824 in
643 748 807 823 doloribus
826 759 935 851 capitis
962 779 982 822 a
1007 748 1073 821 solo
1098 756 1196 823 odore
1222 778 1343 825 cernere
1367 755 1428 825 est.
1455 758 1544 827 Nam
1573 758 1655 849 quid
1673 752 1756 821 illud

330 846 376 913 cll
397 893 409 926 ,
432 851 520 941 quod
546 844 610 918 sola
635 852 795 922 exhalatio
820 875 837 921 e
862 847 932 921 rosa
959 852 1108 920 exhalans
1139 853 1345 922 catharrhum
1365 857 1443 934 ciet,
1465 860 1502 926 δε
1528 848 1647 924 moschi
1673 852 1755 919 odor

334 964 498 1042 tantopere
515 948 622 1018 ledat?
649 954 688 1020 Et
702 971 810 1029 tamen
826 970 969 1022 aromata
990 950 1145 1017 dicuntur
1163 945 1327 1024 cerebrum
1345 948 1512 1032 roborare,
1536 959 1571 1024 &
1595 955 1623 1022 ei
1647 951 1755 1019 dicant

333 1066 458 1137 operam
474 1039 578 1117 suam.
606 1049 775 1129 Praeterca,
801 1058 835 1117 in
862 1043 1005 1117 febribus
1029 1049 1108 1141 quid
1127 1047 1204 1117 illud
1230 1048 1300 1127 est,
1325 1052 1416 1144 quod
1438 1047 1648 1122 laffitudinem
1680 1068 1756 1120 tan-

332 1162 396 1210 tam
404 1188 416 1220 ,
433 1148 468 1213 δι
482 1142 698 1218 membrorum
717 1145 965 1217 confrastioncm
982 1149 1158 1242 quamdam
1172 1151 1282 1217 afferat
1298 1151 1389 1217 initio
1406 1143 1688 1246 paroxysmorum,
1713 1153 1750 1218 δι

331 1241 419 1334 quod
435 1237 538 1313 tribus
558 1244 626 1341 post
644 1249 751 1322 horis,
778 1245 847 1344 post
874 1246 996 1318 lustum
1023 1266 1141 1315 naturae
1166 1272 1241 1316 curn
1267 1271 1303 1317 ea
1328 1271 1383 1324 re,
1408 1241 1574 1316 discussum
1603 1249 1752 1315 omnium

331 1339 477 1410 dolorum
497 1338 689 1412 sedationem
708 1347 818 1414 affert?
843 1347 923 1414 Non
939 1345 983 1415 est
1000 1338 1146 1415 credibile
1170 1345 1289 1415 molem
1314 1346 1372 1415 elle
1397 1347 1571 1424 humoris,
1596 1340 1646 1414 sed
1670 1365 1755 1437 qua-

331 1439 453 1509 litatem
470 1437 573 1520 nescio
595 1467 717 1535 quam,
742 1468 817 1538 quae
837 1470 903 1514 non
920 1446 1029 1514 desinit
1048 1465 1173 1514 nature
1187 1444 1315 1515 molesta
1332 1445 1409 1526 elie,
1434 1448 1534 1516 donec
1557 1450 1625 1532 ejus
1650 1446 1680 1512 vi
1692 1443 1754 1509 do-
1869 1454 1872 1459 '

331 1540 409 1608 mita
427 1535 592 1634 fradlaque
609 1539 722 1612 fuerit.
748 1545 873 1612 indicat
898 1549 932 1613 δι
957 1545 990 1614 id
1007 1547 1098 1637 vigor
1122 1538 1236 1624 febris,
1260 1549 1354 1638 vigor
1372 1545 1492 1615 doloris
1518 1544 1753 1617 hemicranici,

331 1633 440 1731 pulsus
464 1644 497 1709 δι
523 1640 608 1715 calor
631 1641 746 1713 aulius
770 1640 833 1710 est.
861 1642 958 1712 vieto
976 1638 1188 1738 superatoque
1214 1664 1273 1713 aut
1288 1646 1419 1714 humore
1438 1647 1547 1723 tenui,
1571 1663 1627 1714 aut
1643 1643 1750 1710 ichore

331 1756 391 1820 aut
417 1760 449 1805 re
466 1739 527 1806 alia
550 1741 727 1818 consimili,
752 1738 808 1808 illa
823 1744 924 1807 omnis
950 1735 1058 1809 seditio
1072 1736 1218 1810 sedatur.
1248 1746 1283 1809 ln
1303 1747 1480 1811 nutritione
1505 1765 1640 1834 quoque
1665 1733 1750 1834 ipsa,

333 1832 713 2003 ἷὲροὶῗέἓᾚὶῖιίἒ
726 1830 1755 2030 ἑῖἶῖἷᾚοῖἷῗ’1311ξωίἳῖἲῖἒὲῗὲζῖξὲἙῖἱῖεἶιῗξῗηῗῇ

334 2047 480 2125 reputat,
505 2024 556 2099 sed
582 2051 748 2126 tamquam
764 2052 1015 2103 excrementum.
1041 2035 1090 2102 Sic
1105 2030 1240 2103 statuere
1258 2053 1401 2130 oportet,
1426 2036 1487 2106 sive
1512 2039 1544 2104 in
1560 2037 1758 2111 nutritione,
1789 2040 1794 2048 '

336 2128 440 2198 livein
460 2130 579 2199 doloris
599 2135 817 2225 generatione,
841 2150 900 2203 aut
916 2138 951 2199 in
967 2124 1087 2204 morbis
1104 2132 1225 2226 aliquid
1255 2131 1311 2203 elle
1327 2153 1440 2227 tenue,
1464 2136 1554 2228 quod
1581 2152 1684 2203 tantus
1708 2136 1761 2201 vi·

336 2250 384 2309 res
398 2221 530 2311 lrabeat,
561 2249 598 2299 ut
617 2255 681 2298 non
697 2224 753 2305 abs
777 2255 810 2303 re
826 2234 953 2301 excitati
970 2227 1086 2300 fuerint
1107 2230 1225 2301 Medici
1242 2229 1456 2309 animemed,
1481 2237 1539 2324 qui
1556 2250 1685 2299 tantum
1698 2228 1762 2297 fla-

336 2329 436 2393 tui&
456 2328 547 2395 simili
570 2332 615 2396 rei
640 2322 850 2407 tribuerunt,
873 2347 1031 2398 utomnes
1047 2322 1204 2406 morbos,
1230 2335 1266 2398 δι
1293 2323 1505 2426 symptomata
1519 2349 1615 2425 ,pene
1652 2321 1695 2395 ab
1720 2328 1758 2396 iit

334 2447 374 2497 rc
414 2443 563 2499 tiverint.

374 2446 431 2591 pbr
444 2527 535 2619 quod
549 2530 651 2617 magis
673 2532 793 2599 mirum
815 2527 880 2606 est,
904 2526 1046 2623 qualitas
1059 2532 1189 2626 propria
1203 2529 1379 2598 humorum
1405 2527 1537 2597 tenenda
1562 2525 1629 2596 est.
1653 2523 1748 2619 Quid

263 2715 270 2722 ¹
337 2623 421 2691 enim
444 2621 506 2701 est,
532 2627 621 2718 quod
648 2629 782 2721 quidam
797 2629 910 2697 domiti
929 2629 1006 2702 fior,
1031 2627 1087 2696 alii
1110 2628 1275 2696 indomiti?
1302 2626 1366 2696 Alii
1386 2627 1599 2696 chatradtxin
1618 2616 1753 2718 quibus-
1782 2597 1909 2736 Huqarr

338 2722 414 2789 dam
431 2744 603 2815 generent,
627 2727 677 2796 alii
693 2750 839 2804 cancros,
862 2725 924 2824 epil
964 2725 1039 2793 siam
1055 2725 1126 2803 alii,
1152 2727 1313 2795 arthritim
1334 2724 1407 2794 alii?
1432 2726 1470 2792 ld
1497 2724 1669 2813 terretrdum
1683 2744 1759 2790 exa·
1780 2698 1837 2820 qqqt
1844 2697 1909 2820 ,ἶς’

341 2819 411 2894 ἃς,
429 2839 468 2887 ur
488 2822 526 2890 de
543 2824 873 2894 remediiscertumsit.
891 2825 935 2899 ,0
959 2818 1381 2919 servammestquibusdam
1394 2818 1526 2894 obortus
1542 2825 1666 2892 dolones
1683 2815 1759 2890 fun}
1779 2774 1926 2920 2324&

339 2912 371 2987 se
389 2943 455 2986 non
468 2920 643 2999 admodum
658 2918 804 3001 acerbos,
828 2923 905 2994 aliar
919 2916 1067 3001 acerbos,
1092 2928 1152 3016 qui
1170 2929 1243 3017 vagi
1257 2920 1373 2993 fuerint
1393 2970 1405 3001 ,
1428 2948 1486 2993 nec
1500 2929 1584 2994 certa
1599 2917 1667 2993 sode
1686 2945 1757 2990 mo-
1781 2930 1836 2988 da.

342 3019 403 3086 rati
419 3013 550 3088 fuerint:
574 3018 645 3118 post
664 3040 793 3121 tempus
808 3021 941 3116 aliquod
955 3023 1083 3094 tandem
1100 3022 1258 3092 delierunt
1271 3024 1304 3090 in
1328 3040 1450 3117 partem
1464 3024 1632 3116 aliquam,
1658 3025 1756 3090 &rtr-

344 3111 492 3198 berculo,
516 3124 592 3189 cioer
606 3144 638 3188 m
683 3124 828 3193 nitudine
846 3146 914 3194 non
932 3114 1121 3217 superante,
1147 3114 1199 3192 ibi.
1216 3118 1326 3189 relidlo
1347 3119 1473 3188 tandem
1497 3120 1641 3211 reliquae
1658 3132 1759 3211 partes
1781 3141 1923 3220 ψῃ,-

344 3216 517 3309 reliquere.
541 3220 603 3288 Sed
621 3237 656 3290 tu
701 3223 825 3294 reulum
842 3221 923 3294 illud
939 3239 999 3291 aut
1013 3242 1165 3291 cancrum
1179 3211 1386 3295 minabatur,
1412 3235 1470 3285 aut
1487 3216 1608 3311 aliqmd
1637 3214 1734 3282 simile
1750 3261 1759 3279 .
1784 3226 1894 3290 mm.

322 3347 324 3351 ·
348 3315 438 3386 Adeo
450 3315 589 3387 difficilis
605 3317 650 3387 cst
667 3315 856 3390 morborum
874 3323 1034 3412 oognitio,
1058 3316 1218 3390 difficilior
1230 3312 1308 3414 saepe
1321 3317 1464 3387 curatio.
1494 3355 1497 3360 ·
1545 3327 1548 3331 '
1785 3329 1858 3408 Q·
1882 3312 1929 3367 ἢ*

338 3475 343 3486 .
396 3410 597 3483 Admirabile
614 3418 706 3506 quod
722 3422 856 3504 contigit
876 3416 992 3489 loanni
1013 3415 1170 3495 Regtrard
1186 3413 1339 3476 mercium
1355 3414 1534 3476 venditori,
1559 3408 1762 3478 Oborrusest
1783 3412 1872 3492 ΨΜ,
1891 3471 1896 3487 ,
1914 3430 1927 3466 ⁸

342 3511 441 3586 uuor
456 3506 579 3577 femoris
594 3504 753 3585 &.ttbtae.
780 3492 1196 3580 1ss2nserattoterabnts.
1223 3502 1406 3593 Pugnatum
1439 3500 1482 3571 est
1514 3497 1764 3600 inentibus&
1786 3467 1931 3600 ‘'sl‘'“ss

345 3609 566 3706 paregoricis.
602 3608 801 3675 vomitiones
825 3607 979 3675 aderant.
1007 3600 1130 3670 Deinde
1157 3602 1339 3670 earumdem
1362 3603 1504 3696 partium
1529 3598 1641 3699 stupor
1664 3605 1767 3672 conti*
1784 3567 1912 3703 ἔπιθ’

346 3714 413 3800 git.
442 3704 616 3803 Astupore
641 3700 955 3803 sensusdeperditio,
980 3717 1019 3770 ut
1033 3697 1226 3795 netnpae'ta
1252 3720 1326 3770 acus
1349 3699 1491 3769 dolorem
1505 3721 1647 3773 moveret
1663 3704 1766 3772 .'De-
1860 3705 1863 3712 '
1898 3701 1902 3792 j

346 3804 497 3880 remones
512 3810 613 3876 animi
630 3801 822 3901 frequentes.
850 3806 963 3876 Mors.
993 3799 1091 3874 Unde
1107 3798 1187 3869 hoc?
1212 3799 1328 3872 Similis
1343 3819 1422 3894 pene
1450 3797 1579 3875 historia
1598 3794 1763 3875 obstinata

349 3904 394 3974 cst
421 3922 509 3974 ante.
739 3927 743 3934 ·
1104 3953 1106 3959 -
1154 3961 1161 3975 ,.
1526 3935 1529 3942 ·
1755 3929 1758 3936 ·
1794 3965 1800 3972 ,
1897 3959 1900 3968 .

344 4057 347 4068 ·
400 4004 515 4078 Suetus
535 4006 579 4081 D·
604 4004 719 4078 Pallan
735 4010 853 4080 Medici
877 4003 1057 4103 frequenter
1080 4006 1178 4075 colico
1191 4001 1300 4075 dolore
1326 3992 1513 4082 tenebatur,
1541 4010 1645 4100 coque
1670 4000 1761 4076 valde

345 4101 485 4184 crudeli.
514 4104 566 4174 Ad
589 4105 689 4203 hepar
710 4102 1005 4181 ilindrcfcrebnn.
1033 4109 1077 4177 Ea
1093 4099 1263 4179 videbatur
1287 4103 1396 4173 morlia
1421 4119 1599 4202 perpetuo,
1627 4125 1683 4171 noc
1719 4108 1770 4170 ri·
1917 4195 1922 4202 Ι

346 4203 427 4286 ,dere
444 4220 582 4301 poterat.
605 4207 752 4280 Tandem
774 4209 884 4278 incidit
901 4200 1069 4280 inlebrtm
1084 4208 1284 4276 coninuam.
1311 4205 1416 4273 Dolor
1432 4222 1536 4274 torem
1559 4202 1771 4300 parterndex·
1834 4203 1838 4210 '
1905 4274 1912 4286 ,

353 4319 433 4370 tram
449 4326 530 4400 pene
546 4300 740 4403 occupabat,-
769 4302 823 4378 ΑΙ)
844 4314 942 4395 jecore
954 4309 1087 4378 omuino
1102 4306 1133 4375 id
1150 4303 1207 4375 else
1226 4298 1456 4375 autumabant,
1475 4302 1595 4374 Nulla
1618 4322 1652 4373 re
1668 4301 1772 4390 juvari
1806 4271 1933 4411 ‘egla'

346 4404 486 4496 potuit.
512 4405 616 4474 Nono
638 4404 755 4474 idlerus
778 4400 954 4492 arumde.
981 4408 1091 4475 Mors·
1118 4406 1149 4475 A
1187 4481 1190 4486 .
1220 4428 1242 4473 ο
1263 4404 1413 4476 cadavere
1436 4401 1527 4495 cystis
1551 4398 1630 4470 fellis
1654 4399 1770 4509 lapillis
1790 4434 1867 4511 pillis
1872 4431 1934 4509 qq„

354 4500 448 4594 plena
466 4523 589 4599 reperta
604 4500 663 4572 est.
691 4507 804 4598 Hepar
820 4498 976 4579 albicans·
1004 4505 1140 4575 Adlraere
1152 4498 1242 4574 cebnt
1255 4507 1487 4572 contumaciter
1510 4500 1774 4593 diaphragmatitt
1793 4536 1850 4577 aa.

355 4616 394 4664 ut
408 4597 478 4666 hinc
495 4603 587 4681 auelli
603 4627 669 4671 non
688 4604 845 4699 potuerit.
869 4604 948 4672 Item
966 4602 1129 4694 pulmonis
1151 4623 1225 4697 pars
1247 4602 1359 4671 dextra
1387 4591 1587 4669 adherebat.
1623 4597 1774 4693 Superius

355 4683 580 4781 atmotavim'us
593 4702 633 4770 de
648 4703 792 4795 quodam
810 4701 937 4770 nomine
962 4699 1110 4773 Bordicr‚
1137 4702 1189 4770 cui
1204 4697 1322 4770 colicus
1333 4698 1430 4768 dolor
1445 4720 1501 4794 per
1516 4696 1598 4764 duos
1615 4717 1702 4791 pene
1719 4715 1778 4763 an·

350 4814 414 4881 ¹tros
433 4789 653 4887 petrkvcravit.
678 4804 791 4900 Hepar
805 4793 992 4870 albicantius
1015 4792 1232 4899 deprehensus¹
1246 4793 1307 4868 est.
1320 4863 1324 4869 ,
1339 4799 1389 4868 sic
1421 4791 1528 4868 serum
1545 4787 1650 4865 nescio
1682 4789 1774 4885 quui

350 4911 479 4978 ,tetrum
491 4890 662 4977 ”astitum
675 4903 762 4995 quod
788 4896 859 4980 istos
874 4903 989 4972 excitat
1011 4899 1151 4970 dolores.
1374 4939 1377 4944 ·
1471 4929 1475 4936 ·
1650 4929 1653 4936 ,

409 4991 561 5072 Mulieres
579 4993 728 5070 nostrate
742 5002 803 5072 hoc
819 5003 852 5070 in
868 5022 922 5073 ore
938 4996 1078 5081 haberit,
1103 5020 1208 5102 rmum
1224 5015 1314 5072 natos
1329 4991 1448 5066 blando
1464 4990 1521 5063 suo
1536 4988 1640 5059 halitu
1659 4984 1781 5053 'efficere

399 5137 407 5176 2
458 5095 712 5200 Ballonir'fiper.
737 5099 904 5185 Tomos,
986 5185 1002 5203 ὁ
1396 5093 1423 5162 L
1479 5110 1495 5176 3
1695 5096 1734 5148 ut
