4534 5850
534 494 550 515 ··
584 489 999 580 ruioiiinisri
1023 476 1457 577 oi-vsnrici‘ir'r:
1608 502 1674 604 η’,

312 643 574 814 pdeeptrtratntqne
595 663 655 715 aut
670 638 831 714 aboletur.
859 643 899 709 ln
925 640 1057 738 simplici
1072 639 1236 734 Vertigine
1260 646 1447 737 imaginatio
1472 630 1601 717 laditnt
1622 636 1730 742 quuni'

394 760 428 812 at
464 749 654 815 rotationem
689 763 799 810 rerum
832 740 979 832 alioquin
1004 742 1178 808 lixarum.
1213 741 1264 809 Sis
1287 739 1379 812 refert
1402 744 1437 811 id
1461 746 1553 839 quod
1574 747 1728 820 nonest.
1853 828 1857 833 ¹

317 842 410 909 Visio
433 862 539 911 autem
562 844 779 910 inminuitur.
804 841 850 908 At
873 842 907 906 iii
936 840 1097 928 Vertigine
1126 831 1318 908 tenebricosa
1349 842 1543 938 depravatur
1574 848 1730 940 imagina-

316 942 365 1009 tio
389 945 424 1009 δι
447 940 523 1010 vifio
545 933 709 1010 aboletur.
736 941 851 1008 Praeter
874 940 961 1004 enim
986 931 1096 1004 falsam
1120 939 1156 1004 &
1180 936 1361 1006 mendacem
1385 945 1643 1034 imaginationem
1653 969 1730 1015 onii-¹
1859 940 1867 953 '

312 1038 460 1108 versionis
483 1061 522 1108 ac
544 1043 708 1110 rotationis
732 1060 806 1130 quae
830 1032 964 1106 nonest
989 1036 1022 1100 iii
1046 1039 1179 1102 externis
1204 1029 1299 1102 rebus
1324 1028 1407 1105 visus
1440 1041 1546 1111 deficit
1572 1053 1730 1138 agrotan-

314 1153 381 1206 tem
405 1154 443 1205 ut
467 1131 543 1234 stpe
566 1139 732 1235 procidat,
757 1133 813 1201 nisi
838 1125 973 1230 scipione
997 1151 1053 1201 aut
1077 1153 1110 1199 re
1136 1132 1229 1200 firma
1252 1151 1391 1202 utatur.
1428 1137 1561 1230 Verrigo
1582 1152 1666 1238 ergo
1683 1140 1730 1213 est

314 1227 381 1326 sym
417 1258 491 1304 oma
514 1243 549 1304 iii
573 1257 687 1329 genere
710 1232 837 1299 lesionis
861 1227 1018 1301 facultatis
1041 1234 1264 1323 imaginariicis
1286 1233 1365 1325 quia
1396 1233 1618 1331 depravamur,
1648 1246 1729 1315 item

315 1336 351 1405 bc
373 1252 535 1411 gnifica,
558 1353 597 1403 ur
622 1332 766 1408 visionis,
790 1333 869 1425 quia
893 1349 953 1400 ant
976 1335 1179 1402 imminuitur
1202 1349 1241 1400 ut
1265 1332 1298 1400 iii
1321 1332 1449 1430 simplici
1474 1339 1646 1432 vertigine,
1667 1355 1732 1412 nne

312 1432 507 1527 depravatur
531 1431 752 1527 deperditurve
776 1433 873 1499 utin
907 1423 1098 1499 tenebricob
1124 1479 1133 1495 .
1177 1430 1320 1499 Maxime
1352 1435 1487 1504 veroid
1513 1434 1552 1504 iit
1577 1437 1600 1504 fi
1624 1440 1731 1507 resin

311 1551 432 1623 gyrum
456 1548 625 1609 vertatur,
658 1533 736 1624 quia
769 1522 897 1624 spiritus
928 1531 1045 1604 visivus
1076 1531 1134 1623 qni
1168 1525 1212 1596 cst
1237 1529 1359 1601 visionis
1385 1530 1535 1613 audior,
1570 1539 1610 1606 iis
1634 1528 1730 1604 rebus

310 1651 386 1721 quae
410 1647 558 1698 rotantur
580 1632 748 1719 irrentus,
772 1648 839 1696 nna
861 1649 937 1698 eum
961 1631 1000 1697 iis
1023 1633 1247 1703 convertitur,
1283 1632 1317 1697 δι
1349 1635 1460 1698 omnia
1484 1654 1570 1725 egro
1589 1636 1730 1704 circum,

311 1733 369 1819 agi
395 1746 575 1823 putantur.
611 1727 689 1795 Inde
722 1733 758 1795 δι
789 1722 975 1796 facultatem
1007 1727 1203 1819 imaginandi
1236 1732 1271 1794 &
1303 1730 1513 1797 ratiocinandi
1536 1725 1641 1800 lasani
1667 1755 1732 1828 pu·

309 1841 407 1895 tant.
436 1828 522 1916 Ergo
546 1830 580 1894 dt
604 1825 685 1912 laefio
707 1823 751 1893 est
777 1825 902 1895 visionis
909 1873 921 1904 ,
945 1830 980 1895 δι
1004 1847 1092 1893 error
1116 1824 1383 1914 imaginationis,
1408 1828 1507 1893 immo
1531 1832 1563 1892 δι
1592 1825 1756 1896 morticis'

311 1923 397 1990 lelio
422 1918 625 1993 acteiisetur.
659 1925 709 1992 Sic
731 1917 900 1993 concursus
924 1926 961 1993 fir
983 1922 1113 1993 tenoris
1136 1925 1280 1993 omium
1303 1944 1376 2016 qua
1401 1924 1441 1993 ad
1467 1921 1648 1997 facultaoem
1665 1929 1733 1997 aiii-

299 2020 433 2114 srnalem
457 2017 682 2118 pertinebunt.
797 2080 801 2089 .
1268 2076 1272 2081 -
1318 2068 1323 2076 .
1376 2081 1379 2087 .
1475 2112 1477 2120 k
1650 2064 1676 2075 ··

313 2160 319 2195 ·.
362 2122 508 2214 Qidam
532 2145 571 2191 ex
595 2145 635 2190 eo
658 2119 798 2192 inferunt
815 2146 887 2192 non
910 2123 985 2194 ledi
1017 2126 1274 2218 imaginationem
1309 2124 1401 2219 qnod
1434 2119 1516 2220 aeger
1548 2147 1619 2200 tere
1655 2120 1733 2197 sciat

310 2240 379 2289 tion
402 2223 577 2313 circumagi
602 2241 756 2291 externa:
787 2236 834 2291 at·
853 2243 984 2293 errant.
1021 2227 1121 2296 Aliud
1146 2228 1230 2294 enim
1257 2221 1300 2294 est
1324 2227 1527 2295 ratiocinatio
1551 2218 1595 2290 &³
1613 2234 1733 2318 cogita-

309 2321 389 2395 tio,
410 2318 501 2387 aliud
526 2322 739 2411 imaginatio.
766 2325 936 2411 Quatenus
959 2324 1045 2390 enim
1078 2324 1183 2405 (licet
1207 2326 1394 2414 imaginaria
1420 2324 1457 2389 fit
1483 2324 1731 2418 opinio'circui-

311 2417 434 2494 tionis,
467 2421 503 2486 δι
537 2439 641 2489 rerum
666 2413 883 2487 immobilium
908 2423 940 2487 in
964 2442 1083 2512 gyrum
1110 2412 1344 2505 conversionis)
1381 2436 1464 2512 teger
1488 2440 1560 2490 vere
1586 2413 1640 2488 scit
1664 2440 1734 2495 rem

311 2520 358 2589 ita
382 2538 446 2582 non
470 2516 527 2585 eise
547 2563 559 2594 ,
583 2518 708 2585 tamdiu
733 2515 965 2609 integritasest
988 2516 1144 2588 facultatis
1167 2522 1399 2588 ratiocinantis.
1426 2515 1480 2586 Est
1504 2517 1637 2611 quidem
1653 2543 1731 2588 con-

312 2614 413 2686 versio
436 2614 583 2707 quaedam
608 2618 729 2682 interna
754 2620 789 2682 δι
814 2619 932 2683 rotatio
953 2613 1089 2684 foitallis
1114 2612 1311 2713 spirituum,
1336 2612 1386 2684 sed
1410 2639 1476 2683 non
1499 2633 1655 2686 externa..
1683 2619 1734 2687 ste

312 2734 418 2804 quum
443 2735 490 2782 res
515 2707 590 2780 soris
613 2713 670 2780 diu
695 2717 981 2806 circumaguntur,
1005 2716 1133 2784 tandem
1160 2716 1316 2787 inducunt
1340 2704 1529 2806 vertiginem
1562 2716 1643 2785 iiio·
1660 2717 1732 2789 visi-

311 2835 356 2891 po
381 2804 493 2904 spiritu
515 2812 549 2875 iii
574 2829 629 2876 ies
643 2826 783 2878 externas
806 2805 963 2880 volubiles
986 2816 1022 2879 δι
1045 2831 1194 2892 rotatas,
1227 2817 1273 2883 ita
1303 2815 1383 2882 dum
1407 2816 1494 2883 intus
1517 2807 1564 2882 ob
1588 2807 1732 2884 siimmis-

311 2902 364 2987 sos
389 2922 485 2980 tetros
509 2929 641 3004 vapores
664 2928 769 2976 motus
790 2905 835 2975 est
859 2909 1058 2977 inordinatus
1090 2908 1185 3005 ipsius
1217 2905 1346 3005 spiritns
1382 2914 1558 2989 animalis,
1591 2917 1624 2980 δι
1658 2914 1732 2990 inde

310 3002 458 3101 sequimur
482 3012 630 3101 vertigo,
655 3001 796 3099 falsaque
818 3007 930 3101 opinio
954 3006 1169 3077 arcananii
1193 3027 1300 3075 rernm
1314 3000 1496 3075 *lorinsecus
1530 3011 1733 3104 positarumi

311 3106 364 3183 Sic
387 3108 570 3177 &interna
595 3109 713 3175 rotatio
738 3109 772 3174 &
798 3125 926 3174 externa
950 3108 1137 3198 vertiginem
1164 3105 1314 3175 inducit.
1347 3102 1538 3199 opinioque
1562 3113 1730 3177 rotationis

313 3199 360 3274 ab
383 3210 517 3275 externis
541 3208 651 3275 rotatis
675 3206 716 3273 ad
741 3208 879 3273 internas
903 3225 1007 3303 partes
1040 3200 1256 3275 transfertur:
1282 3220 1346 3279 ut,
1376 3196 1472 3270 rebus
1496 3198 1572 3271 sotis
1596 3207 1735 3297 qnietis,

312 3308 347 3388 in
398 3306 509 3375 naliter
534 3308 620 3373 intus
644 3322 734 3373 moto
756 3298 890 3399 spiritu,
913 3299 956 3373 ab
980 3309 1111 3373 internis
1135 3304 1177 3379 ad
1190 3321 1328 3374 ‹emerna
1343 3322 1371 3369 ,2'
1391 3295 1664 3397 Admirabiliffiue
1686 3301 1733 3375 est

311 3328 477 3475 oniisensus
498 3424 608 3471 aarum
636 3405 802 3497 partium.
829 3406 868 3470 Et
894 3424 1000 3494 quum
1025 3395 1068 3469 ab
1092 3405 1215 3470 interna
1239 3396 1336 3469 causa
1350 3404 1482 3495 ,uulgo
1514 3401 1655 3496 pendet,
1695 3421 1735 3478 ea

308 3499 433 3578 facilius
457 3494 679 3577 eaaeobatur,
706 3500 838 3592 finger
859 3505 1006 3583 irituetur
1028 3496 1178 3569 res÷soris
1202 3491 1552 3597 positas'ciroumirestae
1575 3500 1732 3571 aeolo·-

313 3596 409 3669 biles.
435 3594 594 3670 Dubitare
617 3602 714 3669 etiam
737 3600 811 3691 quis
834 3596 946 3695 possit,
970 3622 1011 3669 aii
1036 3593 1100 3695 ipse
1124 3593 1249 3695 spiritus
1272 3598 1416 3668 animalis
1427 3612 1565 3668 rotetur.
1593 3601 1730 3704 ltaque,

312 3701 451 3771 utfinis
475 3702 533 3771 fiat
556 3694 800 3797 disputationis,
835 3701 958 3792 integra
991 3702 1228 3768 ratiocinatione
1316 3695 1359 3766 eli
1392 3699 1579 3791 imaginatio
1602 3719 1733 3782 errare,

312 3803 454 3892 agrique
479 3801 643 3895 phrenitici
667 3792 745 3895 sape
769 3798 804 3865 id
829 3793 978 3869 faciunt.
1004 3798 1115 3866 Sciunt
1138 3800 1224 3867 eiiim
1261 3790 1306 3865 ese
1329 3796 1436 3867 deludi·
1452 3802 1496 3867 ¹&
1519 3788 1621 3895 decipi
1640 3806 1731 3869 erra'·

311 3918 432 3990 reque,
457 3902 492 3965 dc
516 3919 581 3964 iion
604 3895 661 3963 elle
687 3889 808 3964 muscas
830 3915 1042 3988 quartameii
1068 3891 1098 3964 le
1121 3914 1247 3993 captare
1272 3888 1351 3963 salso
1375 3900 1611 3987 ilr'nginantnr.
1637 3899 1678 3966 Et
1702 3895 1727 3967 li

311 3993 442 4095 spiritusv
456 3994 579 4065 -vifims
602 4015 710 4066 revera
733 3988 983 4075 circumfertur,
1017 3999 1052 4064 lit
1070 3996 1190 4088 aliquo
1212 3994 1310 4065 niodo
1332 3988 1487 4063 allabitur
1511 3996 1553 4064 ad
1578 3994 1730 4067 tiochum

314 4103 350 4167 δι
373 4097 505 4167 vortices
530 4096 566 4163 δι
589 4093 737 4162 choream
749 4137 764 4171 ,-
787 4086 862 4162 salsa
885 4117 951 4163 non
974 4090 1018 4161 est
1036 4095 1228 4185 imagbutio
1248 4092 1349 4189 ipsius·
1367 4095 1533 4163 ronnonis
1578 4087 1756 4167 raestmm.
1850 4089 1853 4094 ,

312 4200 468 4272 maiae,
491 4200 572 4288 quia
595 4215 703 4263 revera
720 4191 871 4262 animalis
894 4188 1025 4289 spiritus.
1043 4196 1336 4287 circumageretur,
1364 4195 1405 4261 Et
1429 4192 1509 4286 idq
1586 4193 1656 4262 ‘'ne
1679 4195 1729 4264 ὦ.
1785 4189 1806 4197 ”
1835 4197 1870 4279 '4

315 4317 417 4389 gnum
440 4291 513 4364 eli.
549 4294 608 4385 Q
685 4315 764 4361 uam
788 4292 1024 4387 (quocumque
1047 4292 1161 4361 modo.
1181 4293 1215 4360 id
1247 4291 1339 4369 fiat,
1362 4284 1416 4359 se'u
1438 4284 1598 4362 mansus
1621 4312 1731 4364 motus

313 4392 456 4467 aiiinialis
481 4315 720 4489 spiriruszinieu
744 4391 945 4489 impeditus,
974 4386 1031 4461 seu
1054 4384 1240 4485 iiiaeqoablli
1266 4406 1359 4461 motii
1386 4393 1551 4487 agitatum)
1573 4394 1608 4460 in
1625 4394 1729 4466 vein·

313 4498 387 4589 gine
410 4489 455 4562 esi
475 4489 593 4563 eversio
618 4490 659 4558 δι’
678 4490 966 4584 impedimentum,
1000 4495 1035 4559 dt
1051 4491 1055 4500 '
1070 4491 1160 4585 quasi
1178 4487 1380 4587 >repercussio
1392 4490 1488 4588 ipsius
1507 4484 1637 4587 spiritus
1660 4494 1729 4559 nni&

314 4591 408 4663 malis
433 4588 570 4671 (melius
594 4592 787 4686 interruptio
809 4589 991 4675 diceretur)
1014 4592 1193 4704 nequitque
1215 4590 1400 4689 riatnralems
1427 4585 1564 4657 moritus
1583 4593 1623 4660 bc
1641 4590 1729 4667 nidis

314 4708 433 4763 natum
455 4690 613 4765 ramere,
646 4691 682 4758 δι
709 4686 758 4756 ad
772 4686 865 4755 locos
889 4681 995 4757 solitos
1017 4708 1194 4785 pervenire
1220 4691 1269 4757 &·
1291 4705 1452 4785 pttmtuoe
1465 4713 1486 4753 .·
1510 4675 1622 4784 Vapbl·
1643 4687 1731 4765 eiiii!

314 4785 432 4863 misus
456 4788 490 4856 δι
514 4773 671 4856 miniario
696 4784 943 4857 metensium
975 4785 1108 4884 impedit
1136 4786 1384 4882 quodammodo
1416 4780 1625 4860 obstruens:l
1641 4790 1729 4879 Ergo

315 4878 451 4961 morbus
474 4904 586 4978 aquo
606 4890 715 4955 omnia
739 4881 950 4984 symptomata
973 4885 1114 4965 fluuit,
1145 4884 1190 4955 est
1214 4880 1419 4965 obllrufflo,
1449 4888 1508 5053 piri
1533 4873 1670 4954 mmbui
1687 4890 1730 4950 iii·

316 4990 375 5063 vid·
395 5002 620 5081 nuncupatur.
647 4987 710 5055 Hic
734 4987 811 5057 alias
834 4990 921 5063 venir
943 4976 1183 5074 rx--visoetibus,
1206 4978 1414 5083 partibufiue
1462 4976 1596 5071 ubiesili
1613 5025 1625 5055 ,
1644 4976 1733 5055 ,aun
1877 5088 1881 5096 .

408 5084 559 5182 ,stillanti
576 5084 674 5178 Oprr.
685 5086 780 5154 Tem.
799 5090 829 5154 Ι.
1319 5085 1342 5157 8
1583 5074 1681 5174 ipsius
