4534 5850
516 456 550 528 τ
597 432 676 528 Εἰ)
698 442 737 527 ii
762 434 909 527 ami-i
932 436 967 524 ri
991 434 1069 521 isi)
1094 436 1132 521 u
1156 438 1236 534 ii,
1271 448 1303 522 r,
1326 452 1353 521 1-
1369 455 1404 523 n.
1428 442 1431 446 “
1454 455 1482 524 r.
1615 478 1675 546 4³⁸

293 592 482 673 lit'rrum'ero
497 590 874 673 morbommiiinffcmn
889 594 1097 675 somniandi,
1114 589 1397 694 ansirnttpa'trium
1411 599 1636 689 mandantium
1644 606 1724 691 mita

292 692 497 797 tradamque
510 695 659 772 aienius
671 714 831 770 tantuma·
843 697 948 767 Placet
957 688 1154 792 quibusdam
1176 699 1255 769 vitia
1278 699 1344 768 luc
1366 694 1497 770 morbos
1528 699 1586 769 essii
1599 698 1717 798 per'ie'

292 804 398 880 euris,
415 824 470 870 noc
488 797 853 870 recurrendumciiead
868 816 970 895 partes
994 799 1152 874 inuerms,
1175 818 1233 866 noc
1255 794 1315 867 iras
1341 795 1456 871 validis
1477 795 1713 886 medicamentis

293 895 472 993 fatigandae
483 896 560 978 cise',
582 917 753 994 tamquam
762 894 886 967 fomites
895 898 1013 965 horum
1022 888 1356 990 morborum,.quum
1367 897 1724 978 comeciammnfint,

296 1010 408 1095 utpote
420 1012 513 1068 cortu
555 1000 624 1068 'one
643 999 789 1068 alimenti
804 999 836 1065 in
851 995 967 1065 ultima
984 992 1221 1065 ailimilatione.
1248 1001 1356 1066 immo
1372 998 1487 1068 volunt
1512 1001 1544 1066 in
1562 997 1720 1096 Elephan-

293 1103 366 1192 titis
379 1091 401 1164 s
525 1121 584 1167 utn
600 1097 656 1167 erse
671 1087 753 1167 illud
767 1098 886 1169 vitium
900 1113 1083 1173 externum,
1107 1116 1163 1164 nec
1184 1094 1322 1192 penitius
1337 1097 1503 1190 -agmdum
1518 1097 1594 1173 csse,
1627 1096 1720 1191 quast

295 1211 536 1294 totum-corpas
559 1202 724 1267 internum
738 1195 1069 1294 priuseleplrajmicum
1086 1189 1208 1264 saecum
1223 1197 1280 1275 fit,
1304 1216 1405 1292 cpiam
1420 1193 1645 1265 esttrmsacies
1652 1218 1725 1264 cot-

300 1300 306 1318 '
339 1297 649 1365 ris-contaminetur.
770 1297 882 1393 opinio
895 1288 962 1363 sirit·
983 1292 1271 1392 Archiganisapud
1297 1300 1449 1374 Actium,
1469 1295 1724 1391 liujushaecver-
1750 1295 1893 1365 Cer-¹²⁰·

295 1318 356 1463 ῖς
380 1394 609 1492 ¹Elephantidis
624 1298 809 1465 noffiium
822 1388 869 1489 ob
883 1395 918 1495 id
933 1395 1038 1485 gratis
1050 1389 1220 1486 est,k1uorl
1245 1388 1491 1465 indissolubilem
1508 1387 1627 1463 habeat
1642 1391 1725 1461 liru-
1744 1371 1890 1510 fiml

297 1492 466 1564 &utamdt
490 1515 510 1563 a
608 1507 610 1513 '
646 1508 709 1575 m,
727 1486 782 1563 sed
801 1490 1554 1591 quod-principiagenerationissereignotasmt.
1580 1497 1726 1588 Qum“
1757 1461 1845 1516 Terra
1868 1493 1877 1513 ’

295 1597 384 1662 enim
398 1597 483 1663 circa
504 1594 759 1690 uperficiemejus
773 1592 1045 1690 imraappmtnr,
1067 1606 1149 1688 tuna
1170 1597 1405 1688 nongigiltur,
1428 1585 1479 1662 sed
1502 1593 1664 1692 perficitur
1679 1594 1725 1669 ,“

295 1693 387 1762 intur
403 1712 424 1761 a
438 1684 608 1764 visceribus
625 1688 714 1762 sado
729 1693 842 1771 initio,
874 1695 909 1761 δι
926 1689 1087 1789 progressu
1100 1683 1374 1785 usqueadcutim
1396 1691 1550 1760 dilatato.
1570 1694 1727 1787 'Qare“
1778 1683 1891 1770 lm·

296 1813 366 1859 non
380 1785 425 1859 eii
439 1783 579 1859 absimile
595 1807 754 1877 tumentes
767 1791 1060 1862 eminentias-etlam
1078 1794 1113 1856 in
1138 1792 1265 1859 internis
1277 1785 1417 1858 oboriri.
1445 1790 1490 1859 At
1506 1789 1582 1858 huic
1603 1791 1729 1886 opinior
1760 1755 1805 1851 ⁵⁸¹.
1816 1771 1897 1894 ’γ’

300 1893 337 1957 ni
355 1881 571 1982 refragantur,
621 1887 686 1957 uasr
701 1890 768 1957 fieri
786 1885 879 1984 poliit
894 1905 933 1956 ut
945 1881 1213 1956 commolimus
1237 1885 1365 1959 instffio
1390 1893 1567 1981 contingat
1582 1888 1729 1956 interiore
1757 1855 1898 1979 κὰμ

298 2006 434 2083 corpore
449 1988 539 2054 noni
652 2034 661 2053 .
689 1988 740 2055 Ut
752 1989 848 2056 etiam
864 1975 1007 2083 isitritui
1021 1988 1094 2080 quit
1111 1980 1180 2057 lieri
1194 1984 1297 2084 potest
1303 2034 1315 2069 ,
1337 1984 1583 2085 puroersrstenoe
1597 2004 1729 2083 corpore
1760 2007 1835 2063 mo
1947 2065 1952 2075 ,

296 2086 441 2155 interno:
466 2083 554 2153 Acii
571 2085 743 2156 vernaculo
763 2087 961 2182 proprioque
983 2080 1085 2182 partis„
1100 2087 1178 2156 vitio
1196 2086 1383 2156 alimentum
1407 2080 1501 2154 suum
1524 2094 1731 2183 oormmpen-
1757 2089 1883 2183 partium

297 2185 340 2252 ris
357 2182 418 2252 hoc
431 2185 612 2276 contingat.
639 2183 737 2254 Unde
752 2187 892 2348 Hippot.
913 2177 983 2254 Ubi
1003 2177 1294 2283 nucoaegrotant,
1317 2202 1376 2255 aut
1394 2176 1561 2252 mbercula
1573 2190 1732 2277 incorpo-
1762 2184 1892 2226 ''lm‘'

298 2300 334 2350 re
349 2275 540 2357 nascuntur,
563 2278 748 2368 dejeffiones
761 2284 793 2348 in
807 2286 892 2377 pice.
918 2283 950 2351 Si
966 2281 1079 2351 similes
1098 2277 1198 2365 sanis,
1212 2303 1322 2353 tutum
1335 2279 1381 2352 eii
1399 2303 1516 2378 corpus
1530 2281 1629 2350 alere.
1655 2281 1733 2349 Sic“
1766 2268 1829 2347 '‘l''
1848 2289 1855 2316 ¹
1883 2262 1908 2304 ‘⁴

300 2381 428 2449 interno
451 2400 582 2476 corpore
606 2400 692 2480 puro
714 2376 873 2448 exfilitnte
890 2383 1127 2476 progerminant
1137 2375 1441 2479 tuberculaincute.
1467 2381 1560 2448 Forte
1584 2382 1618 2446 &
1639 2377 1733 2446 huc“
1761 2329 1864 2488 {5:22¹

302 2481 440 2576 pertinet
455 2477 546 2547 locus
559 2478 599 2547 de
613 2479 686 2549 latis
699 2475 835 2578 pustulis
853 2482 889 2547 δι
911 2478 1117 2574 pruriginosus
1138 2472 1301 2570 cujusdam
1333 2479 1485 2557 Simonis,
1508 2484 1597 2567 cujus
1619 2478 1733 2545 vitium
1766 2497 1838 2553 mi,-
1857 2496 1901 2553 t..

300 2596 370 2646 etat
386 2592 708 2649 tantumcuraceumz
732 2577 791 2648 Sed
809 2579 957 2646 omnium
973 2574 1386 2676 apertisime-Hippocrates
1401 2575 1440 2646 de
1461 2570 1650 2673 hisstripsrrt
1668 2577 1736 2645 lm·-
1765 2578 1812 2635 les
1828 2583 1881 2638 m·-

300 2678 452 2771 pet'igines
468 2680 503 2746 δι
520 2674 631 2773 lepra,
655 2680 691 2748 δι
705 2674 875 2770 vitiligines
914 2668 1012 2746 uibus
1035 2675 1169 2770 quidem
1177 2668 1520 2775 puerisautjuvcnibus
1535 2677 1734 2771 quipplmi“
1763 2677 1830 2724 W·

301 2771 552 2855 ¹hotu'm'sncrit,
573 2791 634 2846 aut
650 2771 821 2896 paullatim
1002 2778 1095 2844 min
1111 2777 1218 2844 multo
1231 2792 1373 2874 tempore
1390 2767 1547 2870 augescit,
1570 2773 1619 2843 his
1637 2776 1734 2843 no'n“
1766 2743 1901 2884 almi·

298 2891 419 2970 putare
439 2886 566 2971 oportet
579 2867 834 2954 tulerimus,
859 2876 907 2945 ide
938 2922 952 2955 ,
974 2867 1126 2963 ejusmodi
1135 2871 1399 2974 eruptionemeii‘e
1409 2867 1599 2956 absarrum,
1615 2874 1734 2944 Grae·“
1767 2841 1903 2983 mm·

300 2971 346 3040 εἰς
366 2963 527 3054 brieno,
551 2966 602 3042 sed
628 2966 816 3043 morbum.
880 2967 975 3043 uibus
998 2995 1076 3045 vero
1093 2974 1211 3045 horum
1223 2976 1303 3070 quid
1321 2971 1443 3044 saelum
1462 2970 1565 3044 suerit
1590 2972 1733 3043 multum
1763 2994 1870 3065 seem.

299 3074 340 3141 ἃ
363 3070 563 3167 derepente,
597 3071 657 3143 hoc
672 3067 744 3142 sane
759 3067 854 3141 buerit
916 3068 1037 3142 sccilus.
1064 3073 1160 3141 fiunt
1184 3092 1292 3143 autem
1324 3073 1490 3167 vitiligines
1519 3094 1560 3140 ex
1591 3066 1735 3140 letalibus
1769 3073 1856 3137 iiio.

298 3160 444 3246 morbis,
468 3186 507 3237 ut
523 3167 568 3239 est
584 3166 688 3243 tabes:
712 3170 808 3270 leprae
819 3177 943 3243 veto&
959 3174 1158 3270 impetigines
1171 3195 1209 3241 ex
1225 3164 1344 3240 morbis
1358 3162 1403 3239 ab
1420 3189 1490 3239 atta
1505 3164 1587 3237 bile.
1614 3170 1736 3239 Hiclo-
1769 3159 1853 3257 epid,

297 3288 369 3337 eus
384 3265 474 3339 ualde
489 3270 657 3364 praelarus
672 3268 736 3348 est,
761 3276 794 3339 &
809 3270 894 3340 hunc
911 3266 1033 3341 sensum
1048 3266 1145 3341 habet
1160 3293 1231 3340 mco
1254 3271 1388 3361 judicio.
1769 3330 1791 3383 P
1819 3247 1861 3304 ι’·
1873 3254 1901 3301 ²·

354 3367 477 3461 Lepta,
501 3367 648 3457 vitiligo,
673 3372 828 3464 imperigo
840 3363 942 3436 tribus
957 3370 1059 3436 modis
1083 3370 1263 3463 incorpore
1278 3386 1447 3463 apparent.
1475 3365 1537 3434 Vel
1554 3370 1639 3435 enim
1655 3383 1740 3436 tam-
1795 3344 1863 3387 rm.

307 3483 410 3557 quam
427 3456 530 3526 morbi
548 3457 641 3539 sunt,
666 3465 718 3533 vel
734 3482 904 3552 tamquam
912 3459 1079 3537 abscessus,
1101 3463 1154 3531 vel
1167 3482 1205 3529 ut
1219 3466 1348 3529 tertium
1364 3464 1449 3554 quid
1457 3479 1629 3557 apparent,
1645 3462 1742 3542 idest,
1843 3451 1853 3472 ⁹

301 3557 404 3655 'quod
417 3550 561 3649 ambigat
583 3564 667 3628 inter
689 3549 842 3627 morbum
865 3564 901 3628 δι
925 3550 1086 3636 biscaran,
1116 3575 1155 3627 ut
1178 3558 1289 3655 paullo
1302 3555 1372 3654 poll
1404 3558 1561 3627 dicemus.
1599 3561 1742 3659 Exempli

305 3659 430 3752 gratias
454 3656 594 3725 Socrates
609 3680 717 3752 quum
733 3657 810 3726 olim
828 3663 930 3750 cutim
945 3658 1076 3727 nitidam
1094 3679 1276 3755 puramque
1289 3650 1461 3735 lebnitica,
1488 3649 1739 3730 senlimillamu-

306 3759 369 3829 rari
385 3757 509 3853 eoepit,
532 3752 750 3835 deflorescere,
783 3751 1000 3855 conspectam,
1031 3774 1088 3826 aut
1110 3750 1327 3851 exalbesccrc,
1350 3774 1410 3825 aut
1434 3748 1574 3826 scabritie
1596 3765 1740 3838 exarari,

307 3857 415 3926 ficut
438 3870 548 3924 contra
572 3857 640 3926 vim
665 3858 875 3926 remediorum
901 3852 1002 3953 serpat
1027 3849 1169 3952 vitesque
1190 3860 1335 3951 acquirat
1356 3855 1477 3925 malum
1508 3859 1519 3925 i
1542 3851 1627 3925 sum:
1658 3876 1738 3928 tunc

308 3979 378 4023 non
391 3955 515 4023 dicetur
528 3947 694 4035 abstersus,
717 3979 754 4024 ac
768 3957 790 4023 fi
806 3949 909 4023 morbi
934 3945 1097 4048 cujusdam
1111 3948 1300 4049 consequens
1313 3953 1453 4032 exsiliat,
1478 3949 1499 4021 s
1546 3978 1616 4025 vere
1633 3952 1739 4026 morbi

309 4075 425 4123 nomen
443 4046 633 4132 merebitur,
657 4071 771 4151 utpote
794 4051 1134 4122 contradiummalum
1148 4075 1186 4121 ex
1200 4075 1297 4152 prava
1322 4052 1507 4123 alteratione
1529 4051 1671 4123 alimenti
1704 4058 1738 4122 in

309 4146 489 4250 superficie,
514 4156 549 4221 δι
573 4155 673 4221 totius
697 4147 875 4222 substantia
897 4155 994 4222 vitio.
1022 4152 1070 4219 Ac
1085 4169 1161 4219 tunc
1185 4153 1219 4219 in
1242 4170 1407 4221 externum
1431 4147 1514 4221 illud
1545 4151 1665 4221 vitium
1687 4154 1735 4222 in-

309 4244 461 4321 cumbere
483 4269 625 4347 oportet,
649 4276 716 4320 non
740 4250 878 4322 lacessitis
901 4273 956 4347 per
980 4250 1206 4319 medicamenta
1221 4244 1543 4348 purgantiapartibus
1568 4248 1736 4321 intestinis.

311 4351 403 4422 Nam
416 4349 514 4446 lpiius
523 4350 598 4417 mali
623 4345 758 4434 ἶταρξις,
783 4343 979 4435 igionem&
996 4345 1122 4428 runai,
1147 4345 1223 4418 idest
1246 4350 1352 4418 arnma
1377 4350 1470 4449 ipsius
1480 4341 1586 4423 morbi
1611 4353 1644 4419 in
1670 4371 1740 4420 cor·
1858 4387 1867 4408 ·

312 4446 790 4623 ‘'iii‘i‘iiiw'iiiii‘d
810 4442 1437 4615 lliilfli‘iiliiiiiiiil'ii
1450 4443 1739 4614 iiiiii*

311 4607 487 4721 ieexsdiit,
510 4592 642 4738 emeigit
665 4667 700 4713 ac
723 4568 919 4729 eminentie)
945 4569 1343 4740 Dereplintecontiiigarqr,
1357 4568 1454 4719 datii
1478 4640 1573 4720 idest,
1597 4636 1736 4728 despice,
1800 4636 1804 4644 '

316 4737 482 4812 confertim
505 4764 542 4813 ac
565 4743 659 4813 snnul
683 4740 745 4813 fere
769 4764 876 4813 totum
902 4744 913 4827 (
937 4758 977 4810 ut
1002 4741 1041 4808 stc
1065 4740 1205 4825 dicam)
1238 4764 1304 4809 non
1335 4732 1465 4816 morbi,
1489 4734 1548 4809 sed
1574 4733 1734 4809 baitrai

315 4838 523 4935 appellatione
546 4838 739 4913 dotabitur.
768 4843 820 4912 Ut
835 4866 942 4936 quum
958 4839 1008 4909 vel
1021 4838 1072 4908 die
1095 4841 1223 4914 critico,
1247 4840 1296 4909 vel
1316 4860 1383 4905 non
1418 4842 1548 4913 critico,
1580 4843 1742 4929 praeunte

315 4932 422 5018 febre,
446 4936 628 5034 auriginoso
662 4943 769 5015 colore
792 4944 874 5013 cutis
898 4937 1105 5020 maculatur,
1146 4933 1295 5038 absocllus
1324 4935 1381 5032 eise
1404 4937 1540 5017 dicitur,
1564 4947 1742 5091 nonbrpsor-
