4534 5850
566 456 636 540 25⁶
810 426 1635 517 aernanronunt

351 580 469 664 *ΜΨ
517 619 656 701 repetat.
681 600 719 667 ld
732 596 824 692 quod
838 595 1031 691 experientia
1050 610 1161 660 verum
1179 578 1325 683 probat.
1352 585 1441 654 Nam
1459 603 1573 653 vacant
1595 581 1650 652 ista
1674 578 1931 662 tussiendimole

351 671 481 769 'mall'
517 700 573 771 flia
587 698 759 792 aliquando
776 697 931 765 horarum
948 707 1088 783 quatuor
1115 704 1173 754 aut
1200 691 1348 778 quinque
1376 680 1397 750 s
1411 686 1477 752 atio
1494 730 1506 762 ,
1536 682 1646 751 deinde
1667 689 1779 780 repetit
1795 685 1851 758 isle
1867 687 1934 760 tus·

351 755 479 896 πῃ
517 798 612 870 fiendi
635 789 839 881 παροξυσμδς,
863 789 1036 884 aliquando
1052 806 1119 853 tam
1138 781 1305 861 molestus,
1330 800 1367 852 ut
1384 710 1509 874 sanguis
1528 785 1626 880 &per
1643 804 1751 863 nares,
1777 790 1812 855 δι
1837 811 1937 885 peros

428 873 440 901 ⁹
516 904 776 970 uiexeernatur.
803 887 969 988 Saepissime
989 879 1147 954 subverso
1172 881 1339 953 ventriculi
1363 884 1550 974 contingit.
1582 882 1744 953 Nondum
1771 908 1936 982 quemque

514 995 678 1069 auetorem
701 993 781 1082 legi,
806 987 923 1084 quide
943 1008 979 1054 ca
996 982 1068 1052 ruffi
1083 975 1180 1053 verba
1200 977 1331 1050 laceret.

532 1160 537 1169 ,
565 1096 613 1162 Ac
633 1085 781 1160 dubitant
798 1112 840 1156 an
857 1110 876 1156 a
891 1091 1012 1181 capite,
1035 1106 1076 1151 an
1093 1105 1112 1150 a
1128 1102 1260 1177 oorpore
1277 1080 1372 1178 ipsus
1388 1079 1576 1177 pulmonis,
1612 1105 1655 1149 an
1668 1080 1791 1153 aliunde
1809 1073 1912 1157 lterum
1922 1135 1935 1166 ,

516 1211 574 1262 aut
589 1191 695 1265 ichor,
721 1205 779 1256 aut
799 1182 892 1271 iilic,
917 1204 975 1253 aut
990 1179 1088 1251 ferina
1113 1178 1281 1248 destillatio
1305 1200 1433 1247 manate
1457 1172 1575 1249 soleat.
1603 1180 1740 1249 Videtur
1753 1182 1809 1253 esse
1825 1207 1844 1254 a
1861 1188 1935 1283 pul-

517 1311 613 1358 mone
628 1281 711 1386 ipso.
738 1287 829 1354 Nam
846 1278 1010 1381 plerosque
1029 1282 1168 1351 vidimus
1184 1281 1228 1346 ita
1248 1276 1433 1358 tuisremes,
1467 1273 1588 1370 quibus
1607 1277 1677 1376 post
1692 1283 1818 1350 inanem
1841 1309 1934 1355 eona-

514 1405 591 1460 tum
608 1381 784 1482 senuputris
812 1386 942 1451 materia
966 1372 1141 1450 incredibili
1163 1380 1344 1472 quantitate
1369 1396 1488 1446 excreta
1511 1375 1580 1446 est.
1620 1378 1670 1447 Ut
1694 1381 1857 1452 verisimile
1873 1384 1933 1461 fit,

515 1501 589 1556 ‘eam
605 1491 769 1553 materiam
786 1482 938 1562 residem,
968 1474 1061 1548 &ibi
1077 1476 1240 1546 colleeiam
1259 1474 1445 1544 iniustum
1461 1471 1587 1545 causam
1604 1476 1680 1547 elle.
1708 1480 1788 1548 Aliis
1805 1483 1928 1552 videtur

516 1583 574 1654 tsl'e
587 1606 607 1652 a
621 1587 721 1682 capite
740 1575 829 1679 ipso,
854 1580 954 1651 veluti
969 1574 1142 1672 liquefadio
1162 1598 1217 1671 per
1232 1576 1405 1669 quamdam
1431 1570 1586 1654 bellura,
1611 1597 1650 1646 ut
1678 1577 1828 1672 loquitur
1846 1583 1933 1679 Hip-

517 1703 660 1780 potrates
678 1731 686 1747 .
719 1680 810 1772 Qrid
828 1680 851 1745 fi
869 1679 1021 1748 aliunde?
1055 1678 1146 1745 Nam
1162 1668 1455 1744 commemorabiles
1472 1674 1541 1741 duo
1556 1669 1628 1743 sunt
1645 1676 1706 1746 loci
1725 1679 1810 1774 apud
1838 1682 1933 1750 Gale-

350 1796 407 1861 Ἀι
424 1807 495 1874 pn.
517 1805 599 1851 num
618 1785 652 1850 δι
667 1781 918 1875 Hippocratem,
941 1799 979 1845 ex
997 1767 1117 1869 quibus
1139 1775 1204 1843 elici
1223 1772 1314 1869 possit
1331 1768 1557 1842 demonstratio
1573 1774 1716 1844 horum:
1741 1777 1878 1847 Galenus
1896 1783 1929 1847 in

354 1879 493 1945 titulat.
518 1879 610 1977 Epid.
636 1879 717 1946 steca
732 1874 819 1945 tussis
834 1870 939 1946 causas
953 1873 1106 1966 assignans
1123 1919 1133 1950 ,
1158 1869 1269 1941 statuit
1293 1875 1429 1967 primam
1451 1865 1578 1942 causam
1595 1873 1651 1942 elle
1666 1871 1935 1972 exasperationem

346 1965 418 2058 liei.
445 1981 473 2026 ¹·
542 1981 686 2050 utturis,
712 1980 745 2044 δι
770 1972 936 2044 saucium.
971 1973 1172 2049 Secundam,
1204 1974 1420 2067 intemperiem
1439 1969 1718 2040 instrumentorum
1739 1969 1932 2069 respirationi

351 2045 453 2185 ’Ὗ
516 2003 734 2149 servientum.
761 2076 931 2150 Tertiam,
955 2071 1117 2141 crassitiem
1144 2071 1311 2139 humoris.
1338 2075 1526 2163 Qtartam‚
1557 2070 1698 2138 humoris
1714 2077 1930 2140 tenuitatem.

350 2136 403 2204 η’
423 2162 435 2186 ⁰
518 2176 641 2245 Deinde
662 2175 701 2240 de
719 2174 854 2242 humore
872 2174 959 2241 tenui
973 2174 1017 2241 ita
1033 2166 1172 2266 scripfit:
1199 2172 1329 2238 Humor
1346 2192 1453 2239 autem
1470 2170 1571 2236 tenuis
1592 2192 1644 2266 per
1660 2186 1801 2261 guttur,
1829 2176 1863 2238 δι
1883 2169 1931 2239 as-

390 2295 490 2368 eausa
518 2297 626 2371 peram
639 2274 785 2342 arteriam
799 2266 944 2341 delabens
960 2273 992 2338 in
1004 2271 1213 2366 pulmonem,
1239 2263 1339 2346 puelia
1356 2269 1488 2348 lium,
1513 2264 1608 2345 idest,
1632 2273 1796 2337 antevertit
1810 2265 1901 2336 fundi
1922 2318 1932 2346 ,

346 2378 481 2453 precipua
516 2397 551 2442 ac
571 2373 692 2449 dividi,
716 2372 767 2441 vel
786 2390 858 2439 ante
875 2369 1051 2440 effunditur
1067 2392 1103 2438 ac
1119 2362 1311 2467 dispergitur
1336 2365 1435 2447 (nam
1454 2369 1610 2464 interpres
1624 2368 1796 2461 elegantem
1825 2391 1932 2437 vocem

349 2455 492 2532 ruffisfia·
517 2465 617 2550 φθάνει
644 2470 840 2563 negligenter
857 2470 985 2554 omisit)
1008 2491 1108 2562 quam
1131 2491 1151 2536 a
1175 2462 1287 2562 spiritu
1306 2489 1361 2560 per
1386 2464 1495 2535 tussim
1520 2469 1680 2534 concitato
1705 2466 1894 2535 excludatur
1921 2520 1930 2533 .

348 2534 458 2679 ‘lm
473 2567 489 2584 “
517 2570 620 2662 Qtod
639 2569 761 2635 Tlrasris
778 2572 928 2659 contigit,
953 2584 1067 2660 utpote
1083 2569 1184 2656 capite
1205 2563 1324 2657 repleto
1341 2558 1384 2629 ab
1402 2560 1543 2629 austrino
1560 2562 1663 2642 statu,
1688 2569 1723 2634 δι
1748 2566 1787 2633 stc
1800 2563 1931 2634 destilla-

346 2642 437 2772 {253'}
454 2644 485 2767 ξ
515 2670 635 2736 tionem
664 2660 892 2732 tranfinittente
919 2655 1069 2729 omnibus
1090 2661 1230 2727 thoracis
1249 2651 1459 2748 regionibus.
1495 2662 1536 2726 Et
1561 2661 1600 2727 ad
1621 2681 1702 2755 part.
1726 2684 1779 2748 17.
1797 2659 1944 2749 ejusdem.

348 2747 450 2864 qais
475 2750 483 2769 ’
511 2811 535 2845 „
558 2758 614 2832 lib.
626 2758 763 2858 scripfit:
789 2764 875 2846 Quae
898 2757 1381 2854 destillationescapitisprimum
1396 2756 1540 2828 homines
1555 2782 1667 2828 raucos
1684 2784 1719 2829 ae
1736 2759 1933 2832 tulliculosoe

402 2886 432 2943 ι.
512 2909 535 2946 „
560 2862 718 2937 reddunt,
744 2883 799 2930 nec
818 2860 944 2929 tandem
963 2855 1161 2936 consistunt,
1193 2857 1241 2927 lrae
1262 2856 1392 2924 alteram
1414 2850 1497 2925 tabis
1520 2858 1729 2932 differentiam
1752 2864 1861 2932 afferre
1883 2859 1932 2931 so*

512 3008 534 3041 „
558 2962 648 3029 lent:
677 2963 759 3030 Dua
776 2964 859 3028 enim
880 2954 952 3028 sunt
970 2965 1035 3046 ejus
1049 2958 1231 3027 differentia
1247 2973 1261 3023 ε·
1280 2980 1345 3025 una
1364 2954 1407 3026 ell
1431 2980 1468 3026 ex
1488 2954 1685 3028 fluxionibus
1700 2984 1718 3028 a
1733 2964 1834 3056 capite
1853 2988 1862 3039 3
1887 2964 1932 3030 al-

515 3107 538 3140 „
564 3080 631 3129 tera
650 3083 688 3129 ex
704 3054 870 3128 affrfflbus
886 3059 982 3157 ipsius
996 3058 1180 3157 pulmonis,
1206 3059 1339 3125 maxime
1358 3052 1427 3151 posi
1441 3060 1654 3150 expuitionem
1676 3052 1856 3148 sanguinis,
1873 3085 1934 3156 po-

514 3205 539 3242 „
562 3158 717 3230 tillimum
736 3153 806 3231 vase
815 3178 927 3256 rupto:
952 3160 1173 3255 Saepenumero
1188 3155 1415 3227 verofluxione
1428 3152 1557 3248 impleto
1563 3157 1717 3248 pulmone
1731 3154 1795 3222 alia
1807 3159 1846 3224 de
1854 3182 1934 3227 eau-

518 3304 542 3338 „
567 3255 598 3328 sa
614 3284 650 3329 ex
661 3253 806 3355 partibus
820 3260 907 3337 aliis,
932 3283 996 3326 non
1005 3279 1042 3324 ex
1057 3262 1175 3351 capite:
1202 3251 1300 3349 Quas
1314 3273 1388 3323 vero
1404 3250 1529 3319 aliunde
1549 3250 1697 3336 sirbiae,
1721 3274 1821 3345 quam
1839 3277 1858 3321 a
1877 3280 1931 3322 ca-

423 3414 433 3436 ,
515 3360 602 3455 pite.
630 3360 757 3435 Locus,
782 3381 853 3427 meo
866 3358 1002 3445 judicio,
1026 3356 1107 3424 male
1126 3355 1259 3423 latinus
1277 3346 1379 3422 factm
1394 3347 1467 3427 est,
1493 3361 1562 3415 aro»
1571 3344 1630 3425 ἄκις
1654 3348 1714 3427 a,
1748 3349 1933 3433 plebaea.

515 3450 616 3530 obstem
642 3454 673 3519 rit
695 3449 844 3532 aridumue
869 3451 916 3521 lad
948 3476 1009 3520 τινα
1041 3449 1130 3520 {aab
1163 3446 1258 3517 aleier
1289 3447 1321 3516 stc
1353 3443 1450 3525 μοάθν
1482 3442 1610 3533 t‘rt'pur,
1648 3447 1681 3510 rix
1706 3447 1736 3510 ἐκ
1764 3442 1808 3527 lis
1825 3448 1859 3513 ἐκ
1884 3448 1933 3520 τῖς

514 3554 638 3629 atcania
663 3602 672 3618 .
703 3558 774 3647 Ego
794 3574 875 3649 puto
900 3546 1123 3638 ῥώματίζιῦαι
1149 3549 1232 3645 polle
1249 3549 1421 3643 explicari,
1446 3570 1510 3612 non
1529 3546 1732 3612 destillatione
1750 3544 1855 3623 affici,
1880 3542 1930 3614 sed

515 3651 637 3737 irrigari
656 3652 818 3742 &repleri
844 3671 899 3743 per
921 3649 1092 3737 quemdam
1116 3647 1250 3713 modum
1270 3663 1420 3739 raptura
1445 3636 1591 3736 partibus
1620 3646 1775 3719 internis,
1809 3648 1843 3713 dc
1875 3668 1932 3741 per

515 3743 691 3835 quamdam
716 3738 859 3817 &witrio
883 3786 894 3816 ,
928 3740 1026 3815 idest,
1050 3741 1308 3832 colliquationcm
1328 3741 1469 3833 partium
1494 3740 1671 3808 vicinarum
1688 3743 1744 3838 ipfi
1761 3743 1930 3837 pulmoni;

515 3839 566 3910 vel
581 3842 677 3907 etiam
694 3840 813 3935 proprii
828 3842 894 3924 ejus
911 3838 1094 3903 excrementi
1111 3883 1122 3915 ,
1146 3836 1235 3928 quod
1251 3832 1342 3903 standi
1359 3834 1460 3933 potest
1486 3859 1521 3904 ac
1547 3838 1663 3931 liquari
1686 3891 1691 3901 .
1730 3844 1790 3908 His
1805 3838 1929 3909 consor-

348 3942 444 4033 ²³⁶³?
460 3937 494 3996 dt
517 3944 612 4007 miter
630 3938 713 4007 idem
731 3940 945 4036 Hippocrates
959 3928 1103 4032 scripsit:
1128 3935 1300 4032 Eryfipelaa
1314 3938 1346 4003 in
1363 3935 1515 4033 pulmone
1534 3938 1592 4016 iit,
1617 3939 1722 4032 quum
1739 3941 1777 4007 stt
1796 3944 1930 4009 nimium

347 4023 457 4086 Μ’*
466 4062 475 4082 ·
516 4038 679 4107 resrecatus
700 4032 742 4109 ab
761 4037 901 4114 ardore,
924 4060 943 4105 a
960 4026 1118 4113 febribus,
1144 4029 1251 4104 labore
1266 4059 1301 4104 ae
1320 4038 1526 4132 intemperie.
1561 4039 1648 4105 Nam
1666 4057 1743 4106 tune
1757 4040 1925 4136 plurimum

518 4131 678 4228 sanguinis
694 4138 732 4204 ad
752 4130 780 4204 se
797 4136 920 4209 trahit,
943 4136 1080 4202 maxime
1096 4156 1134 4202 ex
1150 4138 1275 4223 magnis
1293 4140 1377 4205 venis
1399 4183 1407 4200 .
1444 4139 1505 4204 Ha
1519 4139 1603 4203 enim
1619 4138 1675 4232 ipsi
1697 4131 1768 4206 sunt
1787 4143 1896 4209 vicine
1915 4182 1927 4213 ,

517 4240 552 4304 de
572 4235 627 4331 ipst
646 4228 856 4310 incumbunt,
880 4232 979 4301 trahit
995 4235 1081 4300 enim
1098 4231 1312 4301 tenuiliimum
1334 4256 1370 4301 ac
1392 4226 1638 4302 debilissimum.
1674 4240 1791 4327 Quum
1807 4240 1928 4315 traxit,

517 4326 611 4409 febris
625 4357 662 4404 ex
680 4355 719 4401 eo
732 4334 770 4400 lit
788 4348 900 4411 acuta,
923 4329 1010 4399 tullia
1028 4332 1103 4398 scca
1113 4378 1125 4412 ,
1150 4331 1280 4429 repletio
1296 4335 1328 4400 in
1346 4329 1502 4427 pedore,
1515 4334 1609 4402 dolor
1620 4356 1730 4404 acutus
1742 4341 1774 4405 in
1791 4340 1927 4403 anterio-

517 4425 654 4502 ribus&
673 4423 896 4528 posterioribus
913 4422 1080 4527 partibus,
1105 4434 1242 4500 maxime
1258 4434 1376 4500 circum
1393 4425 1512 4527 spinam
1530 4473 1556 4511 ,·
1568 4438 1719 4505 nimirum
1734 4437 1855 4525 magnis
1874 4457 1928 4503 ve-

354 4536 500 4617 rtipmr'·
517 4533 565 4600 nis
583 4527 737 4600 ealefaciis
758 4582 765 4598 .
792 4532 940 4600 Vomunt
958 4530 1132 4624 aliquando
1150 4522 1402 4608 subcruentum‚
1427 4532 1599 4626 aliquando
1615 4530 1835 4604 sublividum.
1862 4537 1930 4601 Vo-
2003 4547 2010 4554 '

350 4628 497 4682 ΨΜ·
518 4648 614 4697 munt
631 4632 783 4727 pituitam
801 4635 836 4700 &
857 4624 967 4708 bilem,
991 4634 1025 4699 ἃ
1044 4633 1151 4699 animo
1172 4631 1388 4724 linquuntur.
1422 4635 1501 4726 Qo
1521 4632 1745 4730 locoexplicat
1759 4637 1853 4702 etiam
1872 4657 1931 4701 na·-

346 4703 454 4845 ξεῖ(
520 4746 626 4796 turam
646 4729 741 4825 ipsius
756 4728 843 4796 tuliis
861 4728 1078 4798 molestiffimae
1099 4777 1111 4807 ,
1133 4754 1208 4823 qua
1228 4733 1357 4827 Quinta
1376 4733 1583 4827 appellatur.
1617 4731 1856 4802 Ettullisfieca
1876 4758 1928 4801 oc-

352 4865 434 4945 erus

439 4799 605 4938 3:2⁶²&
620 4852 684 4894 non
706 4850 773 4895 aea
797 4833 839 4896 ite
855 4826 898 4894 est
908 4873 919 4905 ,
944 4847 981 4895 ut
1019 4823 1152 4920 lerisque
1170 4830 1321 4905 videtur3
1354 4822 1403 4894 sed
1423 4829 1597 4921 aliquando
1623 4854 1642 4898 a
1666 4834 1818 4928 pulmone
1838 4828 1929 4930 ipso,

347 4947 412 5025 fis,
431 4967 470 5027 qu
487 4965 504 5008 ρ
522 4926 698 5023 aliquando
712 4949 731 4998 a
747 4851 891 5017 subjectis
907 4852 1051 5021 partibus
1067 4974 1076 4993 .
1103 4926 1205 5021 Qtod
1221 4926 1258 4993 stt
1272 4948 1292 4994 a
1306 4925 1459 5021 pulmone
1474 4921 1540 5024 ipso
1559 4975 1571 5006 ,
1605 4930 1738 5001 declarat
1754 4935 1866 5025 ingens
1879 4957 1934 5001 co-

1823 5032 1876 5127 pia
