4534 5850
587 494 655 567 ψ
859 450 1686 542 o-utr'rtnrnrttousi

533 622 594 690 live
619 621 824 718 impotentia,
849 615 911 688 live
935 616 1105 686 infinnitas
1135 622 1318 689 vocitetur.
1346 623 1393 691 Ex
1417 613 1661 716 precedentibus
1685 615 1812 713 liq'uido'
1833 612 1956 693 constat

532 719 739 803 arumnensis
762 718 889 811 quidem
908 710 1170 807 omnes'rnorbos
1193 719 1249 786 diu
1264 736 1321 786 nos
1346 735 1517 787 exercentes
1541 709 1691 803 vorm
1704 718 1958 813 didimique

530 815 633 914 poii‘e.
659 815 718 884 Sed
735 835 792 882 aur
806 809 954 900 ’σύντροφοι
969 816 1200 909 dicunturqui
1235 811 1398 887 nobiscum
1425 811 1598 886 ruscuntur
1622 818 1672 882 in.
1689 819 1852 913 principiis
1885 819 1970 915 ipae».

529 914 629 986 veluti
655 916 701 982 frti
724 909 935 1004 latentesque,
962 916 1004 982 uc·
1020 919 1078 1007 qul
1104 932 1243 1011 tempore
1267 919 1399 982 emicent
1431 934 1468 983 uc
1492 922 1526 982 in
1550 912 1653 984 lucem
1682 919 1975 1011 promittantur..

530 1016 624 1107 lique
644 1012 775 1081 airrirtur
805 1026 1066 1105 crementumquc
1099 1016 1230 1109 capiunt
1257 1034 1293 1081 ac
1319 1007 1541 1089 roborantur,
1565 1013 1623 1080 nist
1646 1017 1973 1091 mutatimteoetatis,

527 1136 603 1208 que
625 1135 663 1182 es
680 1105 763 1179 libro
792 1121 820 1189 3.
848 1104 1115 1205 Aphoriftnorum
1139 1132 1248 1203 iuvate
1272 1112 1451 1209 plurimum
1467 1108 1542 1179 mitt
1554 1157 1566 1189 ,
1589 1131 1648 1181 aut
1669 1117 1878 1183 evacuatione
1895 1115 1956 1183 ali⁴

528 1234 597 1305 qun
623 1210 759 1278 nuturali
784 1208 903 1303 aliquid
929 1207 1021 1277 uliud
1038 1211 1221 1303 contingat.
1234 1252 1236 1257 -
1249 1213 1329 1280 item
1353 1204 1496 1299 cdmpopn
1513 1210 1664 1280 dicuntur
1686 1205 1873 1305 morbi.qui
1888 1235 1965 1284 nos.

528 1311 620 1407 qtrafi
644 1310 775 1378 demum
791 1328 881 1400 natos
904 1331 969 1375 non
993 1310 1168 1396 invadunt,
1193 1303 1243 1377 sed
1268 1310 1418 1407 peculiari
1441 1309 1551 1402 aliquo
1578 1313 1686 1380 Diaetae
1707 1315 1810 1392 vitio,
1828 1331 1956 1381 autex-

529 1427 765 1479 crementorum
784 1423 943 1505 proventu
960 1420 1017 1476 nor
1040 1410 1236 1503 corripiunt,
1260 1415 1317 1502 qui
1344 1409 1366 1475 st
1388 1416 1449 1494 jam
1477 1427 1569 1476 aetate
1587 1409 1722 1501 grandes
1733 1415 1954 1509 ceperuwna

527 1516 605 1575 cum
630 1505 698 1576 fato
722 1501 789 1604 ipso
813 1506 1009 1575 concedunt.
1036 1506 1241 1577 Polieriorcm
1267 1508 1399 1576 modum
1420 1507 1584 1602 replicat,
1617 1515 1652 1575 iu
1677 1503 1870 1607 Aphuriftno
1899 1532 1913 1596 3
1918 1537 1954 1594 9·

528 1652 552 1684 „
576 1598 634 1673 lib.-
647 1625 678 1671 2.
704 1609 774 1699 Qui
796 1599 905 1674 morbi
929 1598 1053 1674 senibus
1086 1606 1233 1675 accidunt
1261 1607 1407 1676 diuturni
1431 1627 1549 1698 magna
1572 1629 1609 1673 ex
1634 1627 1724 1704 purte
1750 1613 1953 1680 comitantur

356 1730 421 1805 f·
530 1738 553 1783 „-
577 1704 615 1776 ad
637 1723 773 1774 mortem
798 1709 833 1775 δι
857 1698 1099 1774 consenescunt.
1127 1706 1207 1774 ltcm
1228 1699 1419 1803 Aphorismo
1445 1727 1503 1788 40.
1530 1705 1616 1772 illius
1639 1699 1741 1785 libri,
1773 1706 1952 1776 ronredines

529 1808 565 1872 in
592 1803 685 1873 valde
708 1795 831 1873 senibus
854 1803 1030 1875 musonem
1048 1816 1113 1872 non
1138 1804 1341 1873 admittunt.
1366 1803 1438 1872 Gal·
1461 1809 1493 1870 in
1518 1806 1646 1874 Comm.
1672 1808 1717 1873 uit
1751 1831 1816 1875 non
1850 1798 1960 1873 solum

528 1901 621 1971 illum
645 1897 797 1971 morbum
812 1895 903 1972 -stnes
925 1903 969 1970 ad
982 1921 1118 1973 mortem
1142 1907 1305 1982 comitari,
1331 1899 1382 1973 sod
1400 1903 1582 2001 nephritin,
1606 1904 1811 1999 podagram,
1828 1908 1862 1972 &
1881 1922 1954 1971 om·

529 2023 571 2068 ne
592 1996 695 2068 morbi
721 2020 820 2095 genus
838 2023 857 2070 a
882 1998 1005 2094 frigidis
1020 1995 1212 2073 humoribus
1235 2023 1350 2073 tratum
1369 2027 1378 2070 ι
1401 2001 1491 2096 quod
1510 2003 1700 2069 diuturnum
1718 2001 1793 2077 est,
1812 2002 1957 2069 ¹Galerio

528 2119 552 2177 ,·,
577 2093 726 2169 scribente
740 2100 835 2170 Com.
855 2103 887 2170 in
914 2100 1036 2198 Aphor.
1063 2094 1192 2186 39.'-lib.
1218 2124 1253 2189 3.-
1272 2120 1380 2170 omines
1406 2093 1534 2168 morbos
1556 2100 1730 2167 diuturnos
1752 2097 1886 2190 frigidos
1905 2094 1958 2167 cs*¹

526 2232 549 2275 „
576 2191 621 2266 se.
647 2196 707 2268 Sed
727 2219 765 2268 ur
780 2203 906 2297 proprie
921 2201 1097 2292 loquamur
1119 2204 1187 2295 qui·
1211 2207 1273 2288 iam
1298 2197 1380 2269 serres
1412 2196 1511 2268 iactos
1535 2197 1731 2294 prehendunt
1756 2191 1863 2265 morbi
1898 2219 1958 2264 ra-

525 2301 614 2366 tione
637 2292 810 2396 praesertim
834 2293 1088 2377 imbecillitatis,
1113 2304 1373 2399 temperamenti,
1407 2305 1440 2369 δι
1465 2300 1618 2390 congeriei
1643 2290 1806 2364 succorum
1831 2295 1953 2364 crudo.

524 2417 619 2475 rum,
642 2398 786 2467 dicentur
834 2397 942 2476 οἰκεῖοι,
965 2421 1169 2491 congereres,
1196 2425 1257 2468 non
1282 2396 1390 2469 autem
1408 2391 1574 2482 climaco.
1599 2395 1656 2466 Sed
1683 2395 1721 2463 de
1745 2389 1865 2462 morbis
1890 2419 1951 2461 no-

525 2487 648 2563 biscum
665 2500 745 2566 natis
769 2501 803 2561 dt
820 2499 854 2564 in
879 2497 947 2564 finu
973 2497 1078 2565 nolito
1103 2500 1200 2567 veluti
1226 2501 1332 2594 postris
1356 2495 1446 2563 aliud
1463 2492 1528 2569 est,
1554 2475 1703 2585 quums
1725 2487 1864 2580 συνών
1889 2517 1951 2560 no·

526 2616 599 2662 rnen
614 2594 697 2661 illius
720 2597 848 2690 proprie
871 2595 1055 2661 addicatur.
1084 2598 1134 2660 De
1158 2594 1405 2686 lrisHippocrat.
1425 2602 1507 2682 part.
1528 2600 1559 2652 6.
1587 2587 1658 2658 ήᾶ.
1678 2616 1703 2678 5.
1731 2587 1778 2658 lib
1800 2598 1831 2657 6.
1856 2593 1951 2688 Epid.

526 2737 549 2771 „
574 2685 696 2759 scribit:
723 2684 832 2758 Morbi
867 2683 1007 2773 «virm
1023 2694 1054 2755 in
1071 2685 1189 2760 l‘enesia
1206 2689 1411 2783 relinquunt,
1435 2707 1491 2782 per
1508 2685 1705 2766 coitionem,
1730 2683 1950 2768 iblutioncm,

526 2800 549 2868 ,',
573 2808 630 2857 aut
649 2783 902 2856 rarefatuonem.
930 2786 1069 2855 nanim
1093 2789 1186 2880 valde
1211 2781 1337 2856 laborat
1356 2794 1390 2854 in
1417 2785 1625 2881 explicatione
1645 2788 1741 2857 illius·
1766 2783 1950 2886 Aphoriiin.

526 2887 618 2960 Nam
636 2888 779 2957 sromnes
803 2876 909 2957 morbi
934 2883 1078 2956 diuturni
1095 2881 1200 2981 frigidi
1227 2879 1321 2967 sunt,
1346 2904 1384 2955 ut
1408 2884 1521 2981 paullo
1545 2886 1853 2967 ante²didtum¹est,
1879 2884 1949 2979 syn-

526 2987 635 3086 trophi
649 2979 753 3056 morbi
778 2986 923 3054 diuturni
949 2987 981 3052 in
1002 2980 1121 3056 setieua
1145 2989 1224 3060 vires
1241 2988 1436 3081 acquirent,
1472 2985 1590 3054 nedum
1616 2981 1802 3058 solventur.
1826 2989 1951 3058 Omnes

523 3106 632 3156 autem
656 3082 763 3179 frigidi
787 3079 868 3154 senes
891 3088 1085 3154 comitantur
1106 3087 1147 3155 ad
1172 3106 1349 3155 extremum
1376 3080 1477 3177 usquc
1496 3085 1608 3163 diem,
1641 3107 1680 3153 ut
1702 3095 1798 3155 etiarn
1815 3086 1954 3154 demone

524 3183 660 3256 stratum
676 3183 738 3263 est,
762 3189 796 3251 ἃ
822 3203 860 3253 ut
875 3183 1012 3253 Galenus
1034 3186 1165 3255 Comm.
1184 3191 1219 3255 ln
1237 3179 1418 3283 Aphorism.
1442 3176 1629 3265 41.lib.-n.
1654 3177 1772 3251 scribit:
1801 3184 1945 3253 Seniori-

523 3289 549 3364 ὲ,
574 3280 635 3353 bus
651 3287 759 3351 omnia
786 3286 868 3352 mala
887 3289 992 3380 pejora
1011 3283 1094 3353 fiunt
1118 3290 1237 3354 ratione
1259 3281 1497 3359 imbecillitatis,
1521 3281 1559 3348 stc
1582 3273 1741 3363 subponi,
1765 3282 1803 3348 dc
1817 3281 1955 3351 diutur-

526 3380 562 3450 ni
583 3377 686 3451 morbi
711 3383 899 3454 adv'entante
922 3374 1004 3452 senio
1025 3384 1191 3456 deteriores
1212 3387 1348 3456 evadent
1369 3387 1387 3450 .³
1404 3380 1504 3479 Qud
1528 3385 1562 3449 δι
1584 3380 1713 3449 &mun
1731 3382 1763 3445 in
1792 3377 1955 3474 Aplroris-

527 3504 618 3551 mum
640 3476 742 3552 6.‘lib.
773 3497 806 3550 ό.
833 3477 962 3574 abunde
975 3484 1127 3579 explicat,
1155 3486 1235 3553 dum
1251 3488 1401 3555 ratiorscm
1422 3478 1543 3555 reddit,
1567 3501 1626 3548 cur
1649 3499 1760 3545 renum
1782 3480 1816 3546 &
1842 3473 1951 3549 uestem

524 3583 603 3651 vitia
620 3588 652 3649 in
678 3576 802 3651 senibus
826 3607 890 3651 non
909 3602 1087 3650 curentur.
1114 3584 1205 3652 Nam
1232 3580 1278 3650 est
1298 3583 1423 3653 virturis
1446 3600 1563 3667 magna
1578 3573 1781 3645 imbecillitas
1805 3600 1879 3669 qucc
1898 3596 1950 3646 ta-

526 3701 598 3747 men
620 3682 721 3748 varist
733 3703 794 3778 pro
812 3684 904 3751 variis
928 3675 1090 3750 ferrediutis
1109 3675 1324 3778 temporibus,
1349 3699 1454 3771 quum
1471 3677 1559 3743 crudi
1586 3671 1668 3750 senes
1691 3670 1868 3769 virilesque
1888 3677 1949 3746 fine

523 3777 575 3846 alii
600 3779 783 3876 praecipitati
800 3784 835 3849 δι
859 3780 1040 3876 capularet,
1066 3799 1104 3849 ut
1127 3782 1266 3850 Galenus
1288 3782 1330 3847 in-
1357 3772 1445 3844 libris
1467 3774 1507 3842 de
1532 3768 1660 3844 fenitate
1694 3775 1814 3843 tuenda
1845 3775 1947 3871 pluri·

523 3868 587 3945 bus
603 3875 736 3974 explicat
760 3928 767 3944 .
793 3878 892 3948 Nunc
915 3901 1022 3973 quum
1043 3877 1098 3948 iiia
1132 3874 1191 3948 sese
1214 3882 1258 3949 ita
1282 3869 1452 3951 habeant,
1484 3873 1658 3943 videndum
1685 3897 1727 3941 an
1762 3896 1875 3943 verum
1909 3874 1949 3942 fit

523 3975 612 4071 quod
633 3977 735 4074 Hipp.
744 3972 874 4056 scribit,
897 3984 1093 4047 connutritus
1104 3973 1234 4049 morbos
1252 3983 1312 4048 ini
1337 3973 1498 4047 sasencf’ta
1519 3974 1717 4070 relinquere,
1744 3966 1946 4056 discendens

523 4076 652 4142 nomine
675 4071 804 4144 morbos
836 4076 1011 4168 intelligens
1035 4080 1101 4167 -qui
1126 4102 1183 4147 nos
1207 4078 1269 4147 fere
1302 4003 1347 4146 ab
1378 4079 1469 4145 initio
1487 4076 1627 4141 comitati
1652 4069 1725 4141 funt
1755 4070 1946 4166 peculiarem

524 4173 761 4264 tcmpelamenti
785 4176 940 4240 rationem
957 4168 1194 4263 consequentes.
1222 4171 1276 4245 An
1293 4176 1332 4243 de
1349 4170 1489 4266 frigidis,
1500 4193 1553 4238 ‘an
1572 4194 1646 4240 vero
1671 4173 1710 4238 de
1734 4168 1838 4237 calidis
1852 4166 1945 4235 incel-

521 4267 594 4361 ligit
611 4270 771 4364 Hippocrz·
785 4270 863 4337 Non
878 4270 917 4335 de
937 4266 1075 4363 frigidis,
1100 4274 1178 4360 quia
1195 4272 1430 4362 adaugerentur
1453 4272 1561 4364 potius
1583 4290 1675 4339 artare
1700 4262 1837 4337 senili&
1858 4290 1945 4335 novo

519 4382 794 4437 excrementorum·
818 4386 977 4463 proventu
996 4362 1198 4436 foverentur.
1228 4369 1341 4440 Minus
1365 4389 1442 4438 vcro
1469 4367 1508 4435 de
1532 4369 1640 4439 calidis
1670 4370 1694 4433 il
1723 4360 1878 4435 horismus
1901 4362 1945 4434 est

520 4464 716 4545 audiendus,
739 4487 844 4559 quum
870 4458 964 4563 supra
997 4463 1134 4562 positum
1160 4468 1197 4536 srt
1221 4489 1328 4538 omnes
1352 4467 1482 4539 affeeus
1505 4466 1673 4537 diuturnos
1696 4392 1797 4558 bigne
1820 4485 1943 4563 patrem

520 4557 704 4658 agnoscere.
732 4565 860 4635 Accedit
875 4566 964 4658 quod
980 4588 1083 4659 quum
1110 4570 1321 4668 Hippocrates
1346 4571 1433 4638 dicat
1449 4559 1578 4635 morbos
1594 4572 1626 4637 in
1644 4563 1727 4637 i'errio
1744 4558 1794 4644 isal
1813 4558 1943 4643 iubis,

491 4723 494 4729 .
520 4661 630 4733 cessare
648 4684 683 4731 ac
706 4660 879 4757 quiescere,
903 4660 1128 4740 nidrmaurcm
1144 4693 1259 4739 laomen
1274 4669 1314 4737 ad
1340 4663 1467 4738 morbos
1491 4662 1621 4757 frigidos
1636 4673 1670 4737 &
1694 4665 1869 4733 diuturnos
1876 4684 1944 4759 pcr-

521 4770 639 4838 tineae,
671 4783 698 4827 1.
717 4788 784 4862 cap.
806 4758 1067 4833 r.chris1bus.
1096 4768 1221 4837 Mirum
1240 4792 1305 4837 non
1319 4768 1405 4837 estsr
1429 4769 1469 4834 de
1492 4760 1613 4854 frigidis
1646 4757 1764 4833 morbis
1788 4761 1943 4927 inteilffi

520 4881 596 4932 tur.
622 4862 692 4930 Nec
708 4870 791 4931 enim
809 4863 918 4930 audire
933 4882 1063 4958 oportet
1085 4885 1229 4935 veterum
1248 4870 1455 4963 interpretum
1481 4851 1576 4929 stilles
1600 4885 1702 4957 nugas
1729 4864 1787 4957 qui
1813 4880 1884 4928 mor

371 5041 373 5048 ¹
410 4981 428 5008 f
519 4967 553 5033 in'
569 4958 690 5033 senesia
705 4963 881 5060 relinquere
897 4965 1014 5048 ajunt,
1039 4965 1136 5032 animi
1157 4966 1287 5057 quidem
1308 4960 1466 5040 morbos,
1489 4962 1719 5037 iracundiam,
1748 4959 1943 5042 auaritiam,

1795 5049 1887 5155 supet
