4534 5850
539 481 627 541 x122.
826 443 1654 526 EPIDEMIO'RUM

474 640 481 656 ⁸
505 619 605 688 massa
629 612 786 710 sanguinis
808 608 925 688 σῦςασις
952 610 1193 706 quodammodo
1208 607 1411 685 dissolvitur,
1435 628 1470 674 ac
1491 600 1695 697 elanguescit.
1724 607 1768 673 At
1787 596 1927 674 rsmfci

505 728 531 801 ὃ
554 714 674 782 convici
695 763 706 791 ,
731 720 765 783 ἃ
790 715 922 781 firmitas
936 713 1074 815 partium
1098 708 1229 777 astionis
1254 710 1391 777 melioris
1407 700 1499 775 causa
1522 703 1654 774 extistit.
1693 706 1791 799 Aqua
1817 727 1926 775 autem

506 820 658 906 &aquea
675 813 872 884 dissolvunt:
906 832 961 881 noc
978 812 1062 879 enim
1080 803 1107 869 d
1128 799 1333 884 resbascum
1350 801 1506 897 babent,
1541 803 1617 874 idest
1640 803 1927 896 glutinofitatem,

507 933 579 1015 quae
593 915 732 1009 partium
748 905 849 993 robur
873 907 1034 979 conciliet..

559 1012 685 1080 Nicolai
702 1009 799 1084 Raffii
817 1007 943 1082 historia
957 998 1259 1076 commemorabilis.
1286 999 1383 1074 Febre
1405 1012 1556 1076 continua
1580 998 1772 1083 laborabat,
1798 1008 1833 1075 δι
1855 1030 1930 1101 qua

507 1108 628 1204 aliquid
648 1105 786 1183 habebat
800 1127 858 1177 aut
875 1103 1048 1189 carmania
1073 1123 1131 1177 aut
1162 1105 1335 1178 intruroeio
1366 1153 1374 1170 .
1408 1105 1498 1173 Adeo
1514 1098 1690 1173 obscurum
1715 1103 1777 1174 fuit
1791 1106 1926 1175 dernor-

508 1203 570 1276 bo.
595 1204 707 1278 Pulsus
726 1205 786 1284 fere
811 1226 964 1304 perpetuo
988 1201 1134 1299 frequens
1159 1199 1244 1280 fuit,
1269 1209 1303 1274 δι
1320 1203 1485 1283 demissus,
1509 1204 1616 1296 qualis
1637 1209 1670 1272 in
1688 1206 1779 1274 valde
1799 1209 1930 1274 infirmis

509 1309 682 1383 tradatur,
706 1312 746 1376 Et
762 1327 866 1379 tamen
890 1304 935 1374 est
952 1297 1065 1376 habitu
1083 1297 1154 1371 satis
1170 1297 1278 1381 bono,
1304 1307 1338 1371 &
1362 1305 1461 1375 veluti
1477 1303 1641 1375 athletico.
1666 1302 1757 1374 lflius
1780 1301 1929 1399 frequen-

420 1457 433 1485 .
510 1411 560 1483 tia
576 1412 611 1485 dr,
626 1401 799 1483 crebritatis
813 1398 923 1503 pulsus
938 1392 1067 1475 causam
1082 1427 1148 1472 non
1171 1420 1317 1499 poterant
1332 1397 1495 1495 agnoscere
1520 1404 1659 1472 Medicis
1692 1405 1757 1474 Alii
1775 1405 1816 1471 ad
1841 1409 1957 1474 infir-'

508 1510 651 1576 mitatem
670 1501 863 1586 referebant,
884 1505 938 1577 alii
953 1504 993 1572 ad
1011 1502 1259 1598 cacochymiam,
1283 1503 1335 1571 alii
1351 1503 1392 1571 ad
1406 1502 1659 1599 plenitudinem,
1683 1506 1736 1576 ulii
1753 1504 1793 1572 ad
1802 1499 1928 1602 oppres-

508 1607 625 1674 sionem
652 1603 950 1680 instrumentorum.
976 1605 1017 1670 Et
1032 1625 1139 1695 quum
1156 1595 1265 1697 pulsus
1280 1603 1467 1671 naturaliter
1480 1607 1506 1673 ei
1532 1601 1568 1668 stt
1582 1604 1775 1673 demissus&
1793 1625 1927 1700 parvus,

509 1727 544 1777 ea
560 1707 716 1800 parvitate
729 1722 896 1779 manente,
920 1696 986 1777 sota,
1006 1698 1183 1795 frequentia
1207 1719 1317 1770 contra
1342 1722 1492 1772 naturam
1519 1695 1612 1770 etat(

385 1802 411 1823 ‘'
558 1806 634 1886 Jam
648 1821 721 1872 ante
744 1803 987 1881 annotavimus,
1012 1793 1288 1872 commemorabile
1311 1801 1390 1872 illud
1414 1801 1490 1881 esse,
1514 1803 1606 1896 quod
1624 1795 1809 1874 obserantur
1819 1806 1856 1874 de
1863 1805 1925 1871 hu-

509 1926 638 1971 morum
654 1902 820 1971 diffusione
827 1948 840 1984 ,
864 1921 964 1994 quam
989 1902 1202 1997 Hippocrates
1228 1891 1273 1981 ists
1283 1899 1376 1974 ’χυμῶν
1401 1895 1531 1968 aaran
1552 1906 1693 1976 vocavit,
1721 1906 1823 1973 Certis
1841 1906 1925 1972 enirn

506 1994 723 2097 temporibus,
748 2004 836 2068 certis
859 2003 893 2066 in
918 1993 1059 2078 morbis,
1084 2002 1172 2066 certis
1192 1991 1337 2066 aetatibus
1374 2022 1410 2068 ea
1435 2003 1472 2067 fit
1506 2002 1659 2075 diffufio,
1695 2025 1769 2092 qua
1793 2027 1857 2069 non
1893 2005 1927 2067 in

506 2105 608 2197 eapite
633 2094 755 2177 solum,
775 2104 808 2164 δι
837 2121 856 2166 a
881 2100 981 2194 capite
1005 2092 1070 2164 solo
1095 2100 1153 2174 fit,
1178 2091 1228 2164 fed
1252 2101 1287 2171 ὃ(
1311 2099 1341 2164 in
1349 2093 1495 2194 partibus
1508 2099 1594 2169 aliis.
1625 2097 1745 2179 (Unde
1763 2100 1927 2166 malcom-

508 2221 583 2267 nem
598 2196 836 2268 destillationem
857 2219 877 2264 a
896 2199 995 2293 capite
1014 2195 1187 2273 arcessunt,
1211 2218 1232 2268 a
1254 2215 1343 2294 parte
1356 2203 1441 2265 enim
1457 2201 1489 2267 in
1506 2198 1698 2296 partemiit.
1717 2198 1728 2279 )
1756 2197 1794 2262 ld
1818 2215 1930 2264 autem

509 2300 547 2367 fit
567 2321 623 2394 per
637 2293 880 2367 imbecillitatem
920 2295 1246 2391 uamdampattium,
1270 2292 1416 2366 facultate
1444 2292 1614 2394 prasertim
1642 2300 1803 2364 retentrice
1828 2289 1932 2362 imbe-

509 2397 595 2466 cilla:
621 2401 661 2466 Et
674 2420 744 2491 quo
804 2415 864 2464 rtes
889 2319 963 2469 ibin
988 2393 1143 2473 sicciores,
1175 2418 1214 2463 eo
1239 2397 1386 2485 videntur
1423 2392 1572 2490 pluribus
1598 2395 1661 2466 istis
1686 2389 1932 2463 humiditatibus

509 2490 698 2566 abundare.
728 2420 854 2566 fflpsoto
879 2517 1035 2590 corpore,
1059 2499 1094 2565 ὅ(
1120 2495 1252 2583 fingulis.
1272 2501 1339 2578 ejus
1364 2488 1507 2587 partibus
1530 2495 1574 2561 est
1599 2496 1747 2594 quaedam
1772 2489 1892 2560 cumula
1919 2542 1929 2571 ,

508 2594 603 2671 idest,
629 2595 792 2687 partium,
812 2586 1076 2664 substantiarum,
1100 2593 1134 2652 &
1161 2585 1350 2658 facultatum
1359 2590 1534 2667 cotttenth,
1559 2615 1625 2684 qua
1635 2589 1926 2689 pcrssvenfflteom-

507 2695 560 2758 nia
574 2694 632 2758 rite
646 2685 903 2756 administrantur
928 2733 939 2752 .,
963 2686 1032 2752 Nec
1056 2681 1102 2753 est
1121 2677 1281 2779 dispositio
1307 2683 1364 2754 ista
1398 2683 1563 2775 consissit
1587 2711 1643 2785 pet
1666 2686 1933 2770 imbecillitatem,

507 2812 579 2882 qua:
602 2790 636 2857 in
659 2785 767 2852 multis
789 2781 846 2851 etse
871 2777 964 2849 solet.
992 2778 1138 2855 Bifariam
1162 2787 1250 2857 enim,
1273 2804 1373 2882 partes
1398 2781 1555 2855 inferiores
1579 2782 1813 2863 labefactantur
1828 2785 1931 2858 obde

508 2889 657 2965 fluxum,
678 2883 753 2953 alias
767 2882 902 2951 humore
916 2875 960 2954 ab
974 2881 1040 2952 aliis
1057 2875 1201 2977 partibus
1225 2887 1260 2958 in
1284 2886 1339 2954 bas
1362 2880 1516 2985 depulso,
1541 2893 1575 2959 δι
1599 2893 1631 2957 in
1658 2891 1718 2959 hoc
1743 2895 1791 2963 vis
1815 2890 1932 2988 pellen-

507 2994 551 3058 tis
572 3002 694 3052 naturae
718 3001 867 3081 apparet,
892 2983 973 3050 alias.
992 2982 1108 3053 laxatis.
1129 2984 1227 3054 veluti
1254 2980 1343 3057 fibris¹
1364 2986 1522 3056 defluente
1555 2990 1690 3057 humore
1728 2993 1764 3060 in
1794 3010 1898 3084 partes
1923 3038 1937 3058 2

509 3088 550 3155 Et
565 3087 617 3159 hic
630 3082 785 3182 posterior·
805 3082 919 3155 modus
943 3078 986 3150 est
1011 3082 1165 3156 deterior.
1192 3086 1282 3154 Nam
1307 3105 1383 3152 tunc
1408 3090 1549 3180 partium
1575 3091 1871 3179 &excipientium
1898 3092 1934 3153 &

509 3206 655 3254 earuma
679 3177 799 3276 quibus
823 3201 931 3256 manat
955 3182 1102 3258 humor,
1137 3177 1259 3246 cusoria
1284 3184 1466 3252 concutitur
1479 3204 1514 3250 ac
1537 3186 1695 3251 everritur
1716 3233 1722 3246 .
1758 3186 1798 3249 Et
1825 3188 1937 3255 Medi-

510 3293 557 3357 cis,
577 3281 665 3357 idest
686 3285 845 3359 muneris,
869 3301 907 3351 ut
930 3300 1090 3374 quantum
1116 3282 1182 3349 fieri
1201 3278 1323 3377 potest,
1347 3274 1502 3353 roborent
1522 3301 1623 3378 partes
1642 3279 1731 3357 istas,
1757 3284 1938 3350 &conten-

511 3387 630 3454 tionem
654 3379 746 3456 istam
772 3374 918 3481 partibus
942 3379 1121 3454 restituant.
1149 3382 1231 3448 Rene
1255 3381 1336 3452 hanc
1360 3375 1414 3448 dis
1461 3383 1590 3449 itionem
1615 3375 1759 3455 aimoin,
1784 3398 1842 3446 aut
1870 3404 1944 3445 cor..

512 3482 651 3554 maists,
669 3484 784 3556 dixeris,
806 3481 869 3556 stne
893 3472 998 3554 febre:
1019 3485 1128 3580 anue
1153 3476 1350 3552 admirabiles
1374 3479 1416 3548 ha
1457 3497 1471 3547 t
1496 3483 1529 3547 in
1551 3500 1681 3575 corpore
1698 3496 1846 3548 euentus.
1875 3484 1937 3548 At-

512 3606 577 3673 que
601 3584 839 3674 aliquandoeo
862 3579 893 3645 id
920 3581 1080 3670 procedit,
1105 3596 1144 3643 ut
1168 3582 1311 3672 partium
1334 3581 1390 3645 fiat
1415 3580 1580 3671 quadarn,
1606 3596 1644 3645 ut
1668 3579 1711 3643 ita
1732 3579 1858 3657 dicam,
1882 3580 1935 3647 deu

513 3681 694 3751 naturatio,
717 3679 750 3743 dc
778 3676 894 3741 laxatis
915 3675 1012 3743 veluti
1036 3668 1124 3738 fibris
1149 3694 1285 3761 magnus
1308 3695 1438 3769 apparet
1459 3692 1631 3769 proventus
1656 3696 1934 3754 excrementorum,

512 3776 637 3869 pituita
660 3769 806 3844 diffusio,
827 3771 961 3840 tinnitus
985 3772 1140 3851 aurium,
1164 3770 1281 3848 flatus,
1305 3777 1341 3839 δι
1365 3772 1397 3837 id
1422 3767 1467 3840 ob
1491 3766 1710 3872 paupertatem
1737 3776 1856 3847 caloris
1880 3799 1935 3844 na-

512 3870 628 3942 ruralis,
641 3893 707 3938 non
725 3861 797 3941 satis,
809 3867 960 3938 elucentis
976 3884 1129 3965 apparet.
1154 3870 1193 3936 Et
1220 3868 1251 3936 id
1276 3869 1338 3939 tale
1362 3873 1395 3937 in
1421 3894 1525 3940 rerum
1551 3890 1703 3944 naturam
1725 3861 1836 3945 cadere
1859 3867 1936 3972 sepe

512 3968 670 4049 uidimus,
691 3973 726 4043 &
744 3970 880 4037 maxime
894 3967 1032 4037 Claudio
1050 3968 1172 4041 Pelotio
1186 3973 1319 4064 contigit
1344 3967 1412 4067 post
1430 3971 1552 4064 vigilias
1570 3970 1724 4044 assiduas,
1747 3975 1941 4067 'Aliquando

512 4061 557 4134 ob
580 4069 789 4143 dominatum
810 4061 921 4140 caloris
943 4062 1117 4135 fundentis.
1149 4069 1246 4138 Unde
1270 4073 1302 4137 in
1333 4074 1497 4163 quartanis
1522 4065 1662 4139 febribus
1672 4068 1940 4169 longispmfuilo-.

512 4186 566 4241 nes
590 4169 735 4261 pituita,
760 4165 919 4242 catarthi„
940 4170 973 4234 &
997 4163 1188 4247 ρὡατισμυ)
1214 4187 1383 4265 apparent,
1405 4165 1562 4244 fundente
1585 4173 1740 4240 nimirum
1757 4195 1792 4243 ac
1809 4172 1939 4265 liquam.

513 4282 545 4338 te
563 4264 683 4341 calore,
708 4269 742 4333 &
763 4257 913 4358 partibus
932 4257 1094 4334 imbecillis
1119 4262 1267 4336 redditis.
1854 4265 1860 4270 “

565 4364 691 4433 Mirum
708 4361 875 4457 quomodo
891 4359 1009 4459 hepar,
1033 4356 1222 4443 cerebrum,
1242 4388 1315 4444 cor,
1338 4365 1423 4446 lien,
1442 4389 1522 4461 qua<
1533 4373 1749 4468 principatum
1773 4363 1939 4442 habentin

516 4483 667 4560 corpore,
694 4464 785 4559 pravi
800 4454 979 4538 ime-succi,
1004 4483 1112 4553 quum
1129 4481 1239 4535 tamen
1261 4466 1432 4539 rideantur
1446 4473 1574 4567 puriore
1589 4466 1739 4565 fairguine
1757 4472 1799 4540 ali
1814 4476 1849 4539 δι
1873 4478 1942 4537 nu4

495 4564 587 4654 *eriri
600 4612 612 4634 ..
634 4561 764 4636 Sienim
782 4565 851 4640 uim.
871 4555 990 4633 habent
1013 4564 1186 4666 principem
1210 4568 1246 4636 in
1268 4588 1421 4664 oorpore,
1440 4573 1487 4640 ’δι
1507 4587 1796 4666 temperamentum
1816 4563 1936 4663 habent

395 4679 397 4684 ·
517 4647 666 4745 bouum„¹
685 4667 719 4732 8ι
737 4681 865 4759 oportet
879 4663 1003 4734 meliori
1019 4657 1110 4735 succo
1123 4669 1263 4735 nutriti,
1275 4668 1446 4759 Qamdiu
1461 4674 1582 4739 visitur
1599 4674 1720 4737 interna
1736 4664 1764 4739 se
1779 4664 1936 4743 seexorse-

517 4780 590 4836 tamt¹
606 4763 638 4829 in
650 4760 800 4841 extttnas.
819 4767 856 4835 ἃ,
871 4762 893 4829 fi
911 4763 990 4855 quid
1006 4754 1111 4859 spurci
1134 4768 1172 4838 δι
1204 4768 1326 4861 impuri
1345 4768 1413 4844 fit,
1439 4768 1471 4834 id
1496 4771 1529 4835 in
1554 4786 1628 4841 cute,
1648 4765 1798 4868 apparet.
1819 4769 1935 4862 ·Qtod

341 4847 490 4985 mlx·
513 4860 651 4934 declarat
666 4863 815 4933 'autuitn
830 4864 970 4957 partium
985 4857 1141 4939 istarum,
1166 4882 1224 4930 auc
1246 4860 1460 4936 excellentiam
1484 4870 1622 4962 portium
1648 4874 1865 4942 exteriorum,
1887 4870 1937 4938 Ut

344 4993 490 5052 „mm
515 4959 794 5064 quemadmodum
808 4961 842 5031 in
855 4959 1060 5056 apotamo,
1084 4959 1129 5029 ut'
1138 4958 1177 5029 lie
1195 4960 1330 5055 loquar,
1344 4966 1612 5064 repurgandoqua
1634 4991 1717 5039 auro
1731 4970 1846 5043 ultima
1862 4992 1946 5037 mu-.
1967 5023 1970 5028 .

345 5091 393 5133 Μ
421 5096 488 5138 '¹³¹⁴‘
579 5086 584 5104 ³
1806 5068 1890 5134 meio
1932 5124 1933 5128 ,
