4534 5850
555 462 1567 551 erinnemrnruum,u1ur.
1672 487 1714 557 η

345 623 481 789 ΕΛΙἭ
505 627 682 711 numquam
695 610 725 685 se
738 609 909 688 observasse
927 615 1046 688 Medici
1058 613 1220 689 dicebant:
1246 619 1284 687 src
1301 612 1467 690 observato
1490 618 1551 687 hoc
1572 625 1660 685 more
1684 633 1770 678 moo-

410 745 422 788 ι
471 720 495 786 is
508 720 594 809 agris
606 717 722 787 datum
735 713 779 785 est
793 717 1057 790 medicamentum
1074 742 1183 800 mane,
1207 714 1257 789 sed
1273 721 1390 790 circum
1403 719 1606 787 undecimam
1630 728 1687 783 aut
1701 704 1771 804 post

349 818 528 892 meridiem,
552 819 587 886 δι
612 833 686 887 anre
702 816 965 888 medicamentum
989 812 1192 912 urgerebatm
1215 813 1320 888 cibus:
1344 818 1441 889 nullis
1463 822 1536 890 item
1562 809 1643 883 secu
1656 829 1772 882 vena,

351 917 409 988 m'sr
419 922 480 1002 iam
501 915 553 985 die
573 914 713 986 affecto.
747 909 887 988 Causam
907 933 1073 988 tantorum
1089 911 1342 1017 symptomatum
1365 921 1399 986 in
1430 917 1624 989 matutinum
1643 925 1771 1002 tempus

347 1017 579 1087 incurrentium
603 1014 661 1084 elle
684 1008 913 1097 credebamus,
936 1016 1027 1111 quod
1058 1019 1201 1110 maligno
1221 1039 1339 1114 vapore
1363 1011 1467 1086 morbi
1491 1002 1594 1087 infesti
1614 1010 1654 1078 de
1677 1003 1770 1075 ¹²⁰&
1911 1014 1914 1019 ’

347 1107 474 1211 spiritus
487 1114 569 1184 adeo
581 1106 727 1183 imbecilli
745 1113 858 1194 essent,
881 1133 921 1185 ut
944 1135 1107 1214 appetente
1122 1118 1197 1198 die,
1221 1140 1291 1210 quo
1311 1136 1454 1214 tempore
1471 1116 1619 1184 humores
1643 1108 1701 1201 qui
1724 1106 1774 1171 in-

348 1231 402 1281 tro
425 1210 680 1282 confluxeranta
703 1232 810 1283 centro
833 1214 875 1283 ad
889 1207 1038 1285 habitum
1052 1219 1192 1315 corporis
1214 1235 1425 1297 revocantur,
1449 1217 1503 1286 vix
1527 1207 1679 1281 illustrare
1747 1193 1774 1267 s-

349 1305 417 1379 sent
432 1333 564 1408 oorpuse
589 1311 691 1410 Q⁰d
715 1313 738 1381 si
762 1306 858 1382 sudor
880 1337 973 1385 mane
986 1316 1104 1408 aliquis
1116 1337 1184 1386 una
1208 1313 1354 1412 erupisset
1370 1364 1381 1395 ,
1395 1331 1548 1412 praerepta
1564 1306 1684 1378 occasio
1699 1224 1775 1368 ffis·

350 1403 394 1478 set
412 1413 507 1479 tantis
521 1405 755 1506 symptomatis,
779 1428 813 1481 at
828 1411 936 1481 nullus
950 1416 1056 1514 erupit
1072 1414 1127 1483 nisi
1152 1407 1437 1513 symptomaricus,
1461 1409 1566 1505 frigidi
1587 1407 1672 1477 enim
1684 1412 1774 1469 erant

348 1503 395 1577 ob
410 1503 568 1580 summam
586 1503 830 1582 imbecillitatem
843 1512 937 1582 corde
959 1532 1133 1611 occupato.
1161 1514 1267 1582 immo
1280 1516 1312 1583 in
1336 1505 1517 1611 plerisque,
1542 1524 1580 1576 ut
1602 1505 1694 1580 dixis
1717 1487 1778 1563 Ob·

349 1600 473 1679 servata
486 1609 636 1703 quedam
652 1604 763 1705 pulsus
775 1610 895 1682 exilitas
910 1614 944 1680 δι
969 1612 1069 1683 veluti
1093 1613 1247 1693 comm,
1272 1606 1564 1681 innliisformicans
1589 1595 1715 1700 pulsus>
1740 1597 1774 1662 ὅ(

350 1706 418 1774 hacc
440 1701 610 1804 prasertim
632 1703 745 1776 diebus
765 1709 876 1776 criticis
900 1705 1149 1802 contingebant,
1173 1734 1211 1780 ac
1235 1710 1258 1778 fi
1283 1728 1398 1778 natura
1420 1704 1534 1778 frustra
1554 1700 1777 1792 aggrederetur
1820 1723 1823 1729 ·
1924 1734 1928 1743 ·

349 1804 471 1873 crisima
485 1807 553 1898 Qi
568 1804 669 1876 crisim
685 1798 809 1873 subiere
821 1826 971 1877 nonoaut
987 1810 1155 1878 undecimo
1172 1808 1305 1879 diecmn
1320 1810 1518 1898 magnovitae
1526 1794 1698 1870 discrimine
1712 1791 1778 1862 lireu
1797 1838 1800 1843 ,

352 1920 453 1979 runt,
477 1896 644 1970 aliisfebris
662 1902 823 1997 protradta
838 1907 873 1974 δι
890 1905 951 1974 sine
968 1899 1097 1974 erisrbus
1118 1903 1181 1976 sere
1198 1900 1316 1987 soluta,
1339 1905 1429 2000 quafi
1451 1898 1583 1972 miram
1599 1904 1634 1968 δι
1657 1894 1778 1963 domita
1851 1902 1865 1930 ⁴

352 1992 487 2067 successu
506 2003 656 2096 temporis
670 1997 782 2072 ferocia
796 1995 920 2071 morbi.
948 2005 1066 2074 Multis
1127 2005 1242 2074 rotides
1264 2021 1497 2103 apparuerunt,
1521 2001 1589 2070 aliis
1623 1989 1778 2066 funesta,

351 2098 509 2166 aliisnon.
536 2092 698 2167 Morbiliis
709 2101 766 2166 iilo
773 2120 915 2198 tempore
922 2028 1202 2199 prehendcbsntur
1214 2106 1323 2202 pueri.
1339 2103 1410 2172 Nos
1418 2120 1526 2171 autem
1541 2091 1779 2167 observavimus

352 2190 452 2266 febres
465 2219 633 2268 ormreseas
649 2221 723 2291 quae
736 2205 800 2284 jam
815 2201 995 2291 grandiores
1010 2222 1091 2272 natu
1107 2203 1309 2299 prehendunt
1326 2249 1337 2281 ‚
1361 2194 1517 2271 morbillis
1540 2196 1640 2284 vulgo
1665 2204 1779 2287 pueros

351 2289 594 2374 exercentibus,
619 2319 729 2365 omnes
754 2297 925 2389 (inquam)
935 2320 984 2368 eas
1000 2302 1075 2369 mali
1093 2301 1252 2372 css'emoris
1265 2307 1300 2370 δι
1326 2297 1479 2376 fimestas,
1503 2319 1538 2367 ac
1555 2295 1577 2360 fi
1591 2287 1715 2383 aliquid
1731 2307 1779 2352 rt·

361 2386 539 2491 sipiscerent
562 2395 602 2464 de
620 2388 705 2465 febre
718 2417 755 2463 ea
771 2418 844 2495 quae
859 2392 1011 2465 morbillis
1024 2420 1127 2467 comes
1142 2397 1209 2467 est.
1237 2402 1277 2466 Et
1291 2388 1499 2490 quoniamob
1515 2394 1596 2461 curis
1615 2385 1780 2457 mollitiem

352 2492 575 2565 exarubemata
590 2496 697 2592 pueris
709 2513 910 2591 erumpunt,
935 2497 1006 2566 ideo
1030 2492 1183 2565 funestam
1205 2499 1271 2568 vim
1295 2488 1485 2565 morborum
1510 2489 1643 2561 istorum
1675 2481 1781 2579 depel-

350 2590 446 2668 lunt,
471 2592 592 2686 alioqui
606 2594 800 2691 deperirent.
826 2595 907 2666 Satis
922 2615 1029 2664 autem
1046 2592 1246 2664 manifestum
1264 2613 1334 2663 erat
1353 2615 1406 2664 eas
1417 2587 1516 2664 febres
1532 2598 1610 2687 quae'
1623 2589 1657 2655 in
1722 2604 1781 2653 an-

351 2690 454 2760 diores
469 2693 658 2771 inciderent,
681 2692 890 2783 ejusdemess'e
908 2699 1094 2767 moriscum
1118 2687 1260 2765 febribus
1308 2716 1399 2764 ueros
1422 2688 1650 2763 exanthematis
1719 2700 1779 2749 uos

354 2784 593 2867 morcambus,
616 2793 706 2883 quod
729 2816 806 2864 cum
831 2786 955 2865 summa
969 2794 1199 2888 inquietudinis
1214 2798 1247 2862 &
1272 2719 1389 2862 <bione
1409 2784 1544 2862 sensioue
1569 2805 1608 2855 ut
1640 2784 1715 2874 regri
1739 2800 1779 2846 ne

353 2889 526 2959 minimum
538 2888 669 2984 quidem
685 2890 870 2962 contrectari
895 2894 1035 2991 pollent,
1060 2894 1198 2966 vidimus
1212 2892 1320 2964 multis
1333 2884 1460 2962 obortas
1484 2886 1542 2961 effe
1565 2883 1702 2964 maculas
1724 2900 1781 2948 Ν·

356 2980 490 3065 bentes,
515 3013 590 3058 mox
623 2983 798 3061 livescentes
811 3014 887 3058 cum
919 2988 1042 3061 summa
1075 2987 1293 3062 membrorum
1325 2989 1571 3068 confractione,
1602 3006 1653 3055 eas
1677 2980 1781 3050 Graeci

355 3082 513 3163 iulium
532 3109 665 3166 vocant,
689 3084 798 3159 Celsus
813 3091 943 3187 papulas
968 3094 1088 3172 vertit,
1113 3091 1204 3186 quod
1230 3094 1261 3158 in
1287 3091 1455 3187 Epidemiis
1480 3087 1591 3158 multis
1622 3075 1782 3171 contigisse

354 3186 494 3257 vidimus
507 3211 626 3281 magno
710 3213 804 3258 orum
831 3191 990 3286 periculo,
1021 3196 1056 3261 dc
1081 3192 1220 3260 Galenus
1229 3190 1299 3261 ideo
1322 3192 1366 3258 ait
1386 3210 1437 3257 eas
1462 3183 1594 3282 papulas
1619 3178 1719 3249 malas
1743 3189 1782 3242 ut

356 3285 481 3378 fignum
499 3292 534 3359 &
559 3306 646 3358 utca
684 3311 753 3357 am.
782 3290 833 3355 Ut
846 3284 972 3357 causam
996 3295 1074 3381 quia
1099 3297 1133 3362 &
1160 3289 1326 3386 phlogosin
1342 3280 1561 3379 significabant
1585 3276 1783 3380 partiumin·

314 3440 317 3448 .
354 3402 521 3455 terrramm
545 3385 783 3455 &humorum
809 3390 995 3462 nautium,
1017 3406 1055 3452 ut
1081 3387 1222 3475 signum,
1246 3388 1323 3474 quia
1347 3380 1419 3450 sunt
1443 3382 1637 3467 judicatoriae
1652 3400 1718 3441 non
1734 3378 1782 3461 ju·
1812 3353 1935 3442 ΡΜ·

356 3480 516 3556 dicanrm,
539 3501 597 3545 nec
620 3483 705 3546 enim
728 3496 820 3545 tanto
833 3478 947 3546 morbo
971 3480 1120 3544 solvendo
1134 3475 1206 3543 satis
1229 3474 1302 3543 sunt
1318 3484 1351 3544 δι
1368 3499 1472 3572 fores.
1498 3467 1610 3573 Qod¹
1623 3472 1671 3551 (si
1679 3492 1784 3563 quam·
1807 3443 1911 3570 λῖν),

355 3578 401 3645 do
417 3577 521 3663 alias)
546 3578 579 3643 in
593 3596 629 3642 ea
646 3578 795 3670 temporis
818 3573 1040 3644 constitutione
1063 3577 1236 3642 innumeris
1251 3575 1399 3665 contigit,
1425 3590 1464 3639 ut
1487 3574 1607 3638 mirum
1630 3589 1697 3636 non
1721 3566 1784 3641 sit,
1914 3554 1922 3573 ⁸

355 3677 379 3744 ii
404 3675 606 3747 translatione
628 3668 713 3742 faeta
737 3673 777 3742 ad
803 3667 966 3743 cerebrum
991 3673 1103 3744 multis
1118 3672 1278 3769 parotides
1292 3666 1416 3741 oborrae
1437 3667 1555 3739 suerint
1577 3716 1589 3752 ,
1612 3690 1688 3764 qua
1702 3666 1784 3734 dua-

358 3768 471 3846 busde
495 3772 592 3843 caufis
608 3766 682 3841 suut
698 3766 892 3868 perniciose,
917 3792 990 3843 rum
1004 3773 1093 3866 quod
1118 3764 1235 3840 morbo
1250 3774 1383 3871 impares
1397 3772 1475 3852 iinr,
1499 3788 1572 3838 rum
1595 3765 1685 3862 quod
1708 3788 1781 3834 om-
1806 3819 1828 3870 P
1866 3747 1920 3871 ’.Δ

358 3877 406 3943 nis
428 3874 593 3945 nuntiatio
607 3864 650 3939 ab
674 3871 791 3939 infimis
814 3866 960 3967 partibus
984 3872 1026 3940 ad
1051 3866 1176 3968 superas
1201 3871 1239 3938 srt
1263 3866 1430 3970 perniciosa
1455 3917 1466 3950 ‚
1490 3872 1524 3940 δι
1549 3868 1640 3966 quod
1662 3867 1783 3937 mirum
1804 3831 1947 3971 ,ἔτί

357 3968 442 4051 fuit,
467 3966 576 4070 pulsus
602 3994 667 4038 non
690 3989 758 4038 crat
781 3973 924 4040 incendio
946 3973 1072 4042 interno
1096 3971 1265 4062 analogus.
1672 3989 1675 3993 ·
1803 3979 1922 4052 uicina,

409 4072 538 4166 Siquis
561 4086 687 4164 quaerat
701 4063 875 4161 cujusmodi
889 4070 948 4138 inae
973 4062 1072 4139 febres
1095 4069 1307 4147 viderentur,
1330 4089 1471 4163 quarum
1494 4064 1626 4136 essentia
1651 4059 1783 4157 inphlo-

354 4170 425 4264 gosr
440 4166 594 4242 viscerum
620 4171 771 4240 contineri
796 4163 1002 4249 videbantur,
1027 4190 1101 4239 cum
1127 4162 1183 4237 seri
1207 4161 1307 4236 biliosr
1330 4172 1365 4239 δι
1391 4166 1503 4235 ichoris
1527 4161 1692 4264 putredine
1714 4183 1781 4228 non
1835 4155 1886 4243 ,⁸²

359 4270 462 4341 cordis
486 4275 521 4340 δι
544 4261 658 4338 cerebri
682 4271 822 4362 partium
847 4273 879 4337 in
903 4290 1035 4367 corpore
1058 4286 1367 4339 momentanearum„
1395 4269 1525 4336 Harum
1547 4257 1639 4334 causa
1662 4260 1783 4331 humor
1804 4228 1879 4323 ⁸3²⁶.
1910 4219 1945 4291 ὰ

360 4364 531 4442 videbatur
554 4366 610 4438 elie
636 4366 752 4464 duplex
775 4387 834 4438 aut
856 4389 942 4439 unus
965 4361 1112 4438 conftrsus
1137 4362 1200 4437 bile
1232 4372 1267 4437 dt
1290 4369 1406 4463 pimira
1432 4369 1577 4442 mixtus,
1606 4364 1666 4455 qui
1690 4323 1933 4447 mali-22:152.

360 4490 443 4561 gnus
467 4467 597 4541 euestrs
621 4487 687 4533 non
711 4484 833 4563 poterat
857 4468 923 4537 hac
945 4468 1013 4536 dira
1036 4463 1248 4564 symptomata
1273 4488 1336 4531 non
1360 4464 1519 4536 invehere:
1545 4454 1654 4530 Febres
1677 4455 1783 4526 adhe-
1802 4473 1948 4539 ecit-ausa·

358 4571 525 4637 mmitaeos
538 4571 572 4639 dc
594 4564 783 4647 emetientis
806 4561 1008 4644 accedebant,
1031 4587 1107 4664 qua
1130 4564 1389 4635 miluumationis
1411 4556 1486 4630 sunt
1498 4551 1642 4638 soboles,
1666 4559 1701 4626 δι
1731 4561 1949 4649 cat-12¹0*-

365 4667 517 4735 ooethiam
541 4660 736 4763 sequuntur.
1467 4709 1470 4713 -
1674 4694 1676 4698 ⁴
1806 4654 1847 4695 ‘⁸⁸
1856 4675 1866 4697 ·

418 4763 567 4834 Vidimus
589 4767 728 4849 multos,
753 4761 872 4862 quibus
897 4761 1147 4837 fluxerat'alvus
1171 4757 1371 4833 excrementis
1393 4754 1534 4841 biliosis,
1560 4774 1599 4825 ut
1622 4755 1669 4821 air
1700 4747 1795 4848 Hip‘

350 4915 352 4920 .
428 4878 597 4934 ratesmm
621 4860 875 4962 borborygmis.·
894 4866 956 4937 Sed
980 4862 1027 4935 isli
1053 4860 1172 4933 fluores
1196 4883 1311 4962 panem
1333 4859 1527 4964 proderant·
1560 4854 1683 4922 Tamen
1709 4865 1841 4951 pfl-11⁸
1873 4858 1946 4910 ΟΜ·
2026 4865 2027 4871 ’

411 4957 511 5033 bilius
534 4980 600 5033 erat
622 4964 732 5038 alvum
755 4967 1064 5064 quomodocumque
1096 4958 1197 5032 flume
1219 4981 1322 5054 quam
1346 4953 1504 5120 {absistere
1525 5000 1538 5033 ,
1562 4968 1638 5015 ruem
1659 4945 1792 5103 tqnatoreria
1811 4956 1870 4997 m.
1935 4981 1939 4992 ·

1427 5075 1451 5133 4
1727 5077 1745 5101 .
