4534 5850
613 482 658 573 ,ι
775 520 804 545 -.
858 448 1784 571 s·t·1‚·nan··10nusi·--

400 610 509 714 'Ps'd'
558 631 708 711 ostendit.
736 641 776 708 Et
794 638 852 733 q‘ui
877 636 1029 706 humores
1052 637 1108 704 tali
1124 655 1189 704 tem
1233 656 1267 703 re
1285 633 1509 709 dominantur,
1533 652 1599 695 non
1623 642 1691 695 tam
1716 623 1869 698 humores
1887 613 1985 715 sunt5

399 700 535 841 mfbs'ff·
562 726 661 834 'quam
687 736 802 823 labae,
826 743 860 807 δέ
879 731 982 825 serum
996 721 1156 822 ἆυκμιρᾶι.
1184 659 1232 802 ff
1241 759 1308 802 non
1332 729 1481 825 estquod
1496 729 1582 797 dicat
1606 727 1680 819 quis
1704 727 1738 795 in
1778 720 1985 823 squaloribus

400 791 527 941 2}ngss
562 840 631 936 ipsis
656 836 784 905 nullum
800 857 858 905 aut
877 857 1017 933 paucum
1040 854 1274 903 excrementum
1292 833 1486 905 redundate:
1515 827 1564 898 Ut
1583 849 1621 896 ea
1637 830 1758 923 ratione
1783 831 1816 897 in
1840 829 1984 899 fictitati·

452 969 481 1013 ι.
563 933 625 1007 bus
649 936 771 1004 dolores
795 935 1006 1004 articulorum
1029 934 1095 1002 fieri
1120 958 1185 1001 non
1201 934 1324 1031 putarit
1339 955 1413 1001 cum
1432 931 1628 1026 Hippocrate
1644 924 1806 1029 Galenus.
1832 925 1983 1001 Bifatiam

406 1097 410 1103 .
444 1121 446 1125 Ι
564 1057 620 1107 aut
640 1032 794 1104 trifariam
806 1027 1044 1130 respondemus:
1067 1033 1213 1102 Primum
1236 1034 1352 1126 quovis
1367 1041 1526 1126 tempore,
1548 1029 1644 1096 etiam
1664 1026 1761 1123 simo,
1785 1025 1888 1125 potest
1909 1052 1983 1124 prm

400 1128 539 1206 ΛΜΨ
567 1153 680 1206 ventus
696 1131 752 1202 elle
769 1135 964 1210 humorum,
988 1152 1046 1201 aut
1062 1136 1169 1228 potius
1194 1128 1357 1204 icborum:
1383 1149 1420 1199 ut
1446 1151 1512 1197 non
1535 1144 1601 1195 tam
1625 1129 1787 1220 qualititat
1810 1133 1879 1216 ejus
1893 1129 1984 1223 quod

400 1221 488 1272 ‘lm'
564 1229 751 1330 superfluit,
775 1256 874 1327 quam
890 1237 956 1318 ejus
978 1231 1115 1324 qualitas
1128 1230 1358 1301 consideretur.
1386 1250 1418 1296 2.
1443 1225 1566 1294 stadest
1590 1216 1694 1295 serum
1718 1218 1922 1324 superfluum
1946 1231 1980 1298 in

399 1313 515 1437 ἔπ’
565 1327 753 1430 corporibus
776 1353 917 1430 tempore
941 1324 1108 1424 squalido,
1132 1357 1199 1400 non
1223 1349 1290 1401 tam
1323 1325 1408 1399 adest
1433 1329 1535 1424 prima
1568 1328 1768 1418 generatione
1795 1326 1982 1407 materiali,

398 1399 521 1519 :anm
567 1455 668 1526 quam
682 1428 827 1500 formali.
855 1428 949 1501 ldesl:
976 1431 1009 1499 st
1035 1432 1186 1528 precedat
1210 1430 1382 1501 humiditas
1407 1426 1531 1507 multa,
1555 1425 1669 1495 demde
1689 1446 1815 1525 repente
1837 1429 1982 1499 adveniat

399 1547 438 1600 aa
461 1502 539 1621 pm:
566 1528 749 1621 constimtm
762 1531 877 1627 pluviis
900 1551 1026 1608 carens,
1048 1535 1151 1599 immo
1167 1522 1312 1624 squalens
1335 1534 1369 1598 δι
1394 1518 1591 1620 caliginosa,
1617 1526 1724 1595 aderm
1750 1530 1907 1604 materia,
1931 1545 1981 1595 ra-

401 1626 518 1723 78sett.
567 1634 652 1714 tione
666 1628 884 1702 ‘antecedentis
900 1630 1038 1699 humide
1060 1628 1267 1728 tempestatis:
1293 1623 1344 1699 sod
1366 1622 1543 1697 succedente
1568 1624 1643 1696 steca
1672 1629 1707 1695 δι
1732 1617 1902 1720 squalida,
1925 1619 1983 1694 ab·

401 1721 429 1767 ²·
441 1710 491 1809 Ψ·
510 1729 537 1776 ¹·
560 1723 703 1808 ‘sunritut
717 1731 846 1823 quidem
861 1714 984 1800 crassior
996 1729 1145 1822 quaedam
1164 1752 1256 1827 pars,
1273 1721 1323 1797 sed
1339 1723 1442 1797 serum
1450 1725 1617 1820 quoddam
1631 1745 1793 1804 remanet,
1818 1731 1982 1823 propriam

399 1798 481 1869 m
568 1821 689 1897 habens
712 1833 965 1921 generationem,
989 1822 1038 1907 lla?
1055 1824 1098 1903 xl,
1113 1824 1255 1906 ἅυκμις,
1278 1828 1369 1922 qnod
1384 1828 1518 1895 deterius
1533 1842 1604 1893 toto
1627 1825 1764 1894 humore
1789 1876 1798 1893 .
1831 1824 1981 1895 Teniost

568 1928 673 2020 qualis
686 1950 756 2006 aet,
780 1926 858 1999 tales
880 1921 1007 2025 spiritus
1031 1933 1066 1998 δι
1091 1927 1260 2008 humores,
1284 1930 1357 2022 quis
1382 1922 1510 1996 dubitat
1529 1928 1609 2020 quin
1634 1918 1763 2023 spiritus
1785 1917 1981 2017 nostrisqua-

569 2026 672 2102 leant,
696 2029 772 2095 item
787 2034 822 2098 δι
848 2029 1013 2099 humores?
1038 2031 1186 2120 Quarto,
1212 2030 1245 2095 in
1263 2024 1387 2101 ἆυκμοῖς
1410 2028 1505 2095 etiam
1522 2025 1708 2094 alimentum
1733 2017 1836 2119 ipsum
1862 2045 1933 2093 aret
1949 2026 1982 2090 dt

568 2112 709 2216 squalet.
735 2128 784 2196 Sic
800 2145 904 2224 partes
917 2123 1029 2195 nostre
1052 2129 1182 2197 internae
1207 2145 1295 2196 arent
1312 2128 1346 2192 de
1369 2118 1511 2220 squalent
1535 2126 1569 2192 in
1582 2117 1730 2212 ejusmodi
1746 2118 1848 2189 statu.
1884 2122 1984 2189 Unde

568 2225 713 2294 videmus
733 2248 788 2294 cor
835 2242 870 2296 ta
899 2227 1070 2307 emaciari,
1112 2229 1146 2294 δι
1179 2249 1253 2318 quae
1291 2229 1402 2295 tenuia
1425 2218 1497 2293 sunt
1521 2245 1680 2322 corpora,
1719 2224 1754 2289 sa
1784 2211 1915 2294 urard,
1947 2242 1984 2287 ea

567 2340 652 2418 pene
674 2345 747 2395 exta
800 2346 901 2395 cunt.
938 2327 1028 2397 Adeo
1051 2347 1170 2419 magna
1194 2329 1241 2396 vis
1275 2317 1320 2406 ild
1343 2322 1486 2401 tuane.
1515 2326 1565 2392 Dc
1584 2325 1633 2392 his
1656 2320 1791 2388 cunnus
1816 2324 1852 2385 ln
1881 2320 1985 2412 primo

568 2441 658 2491 tomo
698 2426 912 2495 Conlillorum
943 2423 1124 2494 nostrorum
1147 2425 1180 2492 in
1215 2445 1290 2494 voce
1321 2415 1464 2508 τόξιῳᾶι.
1497 2428 1537 2493 Et
1554 2424 1611 2491 nisi
1634 2418 1762 2518 nosipsi
1784 2414 1982 2492 vidissemus,

568 2523 1010 2687 ιιιιιιιιιιις
1368 2516 1861 2689 sue..
1876 2509 1981 2683 a?

607 2641 1012 2690 auaraanaui.
1139 2643 1218 2686 *us
1358 2645 1454 2693 n,
1946 2659 1980 2680 ,‚

427 2711 464 2768 ''-
501 2730 516 2765 θ
569 2643 729 2783 Autuiimi
750 2720 841 2783 initio
874 2717 946 2797 (ait
969 2714 1204 2811 Hippocrates)
1249 2710 1351 2783 serum
1383 2716 1597 2786 dominatur.
1633 2719 1738 2814 Quod
1763 2714 1913 2800 (credo)
1945 2713 1981 2782 fit

413 2795 506 2889 ²'”,·‚
570 2807 735 2890 bifariam.
765 2835 838 2887 tum
862 2807 908 2883 ob
928 2813 1181 2911 intempestivum
1204 2807 1299 2882 usum
1314 2809 1483 2885 nonnum
1496 2817 1719 2896 horatiorum,
1748 2837 1821 2885 tum
1847 2807 1892 2882 ob
1907 2834 1980 2910 pre·

436 2895 538 2937 '¹⁸‘
567 2912 727 2982 cedentem
751 2911 915 2995 aesiatem,
944 2935 1018 3008 quae
1048 2911 1163 2986 mulsa
1195 2914 1370 2997 humores,
1403 2919 1438 2985 dt
1475 2911 1577 2988 nescio
1617 2941 1719 3010 quam
1753 2917 1920 2984 ficcitatem
1949 2913 1981 2978 in

567 3030 669 3107 partes
683 3009 795 3086 ntem
817 3016 960 3085 itrdiartitz
987 3018 1028 3085 Et
1041 3039 1148 3109 quum
1173 3016 1322 3085 humores
1340 3018 1535 3110 aliquatenus
1559 3015 1619 3086 usti
1643 3010 1735 3090 suun,
1759 3038 1872 3083 eorum
1881 3007 1983 3081 serum

562 3113 702 3182 deterius
715 3111 783 3193 est,
802 3118 838 3187 dt
859 3108 938 3186 obe
973 3120 1165 3211 pyreumatis
1188 3119 1273 3191 vim,
1297 3121 1332 3185 &
1348 3109 1450 3183 nescio
1475 3129 1576 3208 quam
1602 3108 1860 3210 impressionem,
1885 3133 1983 3207 quam

566 3215 673 3308 recipit
688 3207 730 3282 ab
746 3218 893 3283 autumni
908 3218 941 3282 in
969 3217 1140 3306 qualitate,
1165 3215 1325 3282 maleficiis
1342 3212 1451 3280 multis
1467 3207 1525 3281 sese
1550 3207 1667 3307 profert
1684 3233 1720 3277 ac
1736 3207 1890 3278 ostentat.
1912 3211 1985 3294 Jan

565 3331 637 3379 nnte
652 3314 819 3383 docuimus
835 3315 961 3383 dolores
979 3317 1091 3410 capitis
1106 3309 1245 3381 summos
1267 3318 1302 3380 in
1322 3304 1476 3401 ejusmodi
1501 3303 1702 3404 squaloribus
1733 3325 1867 3397 vagatos
1893 3309 1957 3379 etse
1977 3353 1987 3384 2

564 3411 781 3507 ophthalmias
798 3414 889 3485 [κως
1004 3409 1151 3501 durande
1175 3461 1188 3491 ,
1220 3406 1332 3509 species
1355 3412 1511 3505 quasdam
1538 3414 1620 3502 ignis
1643 3403 1717 3476 sacri
1739 3413 1772 3473 in
1792 3397 1919 3483 tibias,
1955 3409 1986 3474 in

566 3505 711 3583 brachia.
738 3517 792 3608 Q
945 3508 1094 3603 manses,
1118 3514 1287 3583 nonvalde
1301 3530 1530 3588 contumaces,
1555 3502 1605 3578 led
1625 3507 1744 3581 malas,
1776 3498 1820 3570 ob
1835 3505 1984 3574 effrenem

565 3621 634 3676 tum
653 3610 728 3677 seri.
757 3613 901 3679 Maxime
915 3632 992 3679 vero
1016 3619 1177 3679 autumno
1192 3613 1312 3686 linito,
1340 3603 1489 3679 lsclriades
1511 3627 1613 3701 genus
1636 3598 1792 3674 muliebre
1808 3622 1982 3673 vexarunt.

566 3704 610 3768 At
625 3725 807 3793 numquam
825 3699 974 3771 ischiades
991 3708 1026 3771 in
1049 3700 1258 3773 sucitatibust
1284 3704 1365 3771 Non
1384 3709 1517 3798 quidem
1542 3712 1668 3786 ratione
1683 3702 1777 3800 ipsius
1801 3704 1952 3800 temporis
1973 3743 1986 3774 t

471 3822 479 3839 ·
564 3820 620 3864 nee
647 3798 804 3889 quamdiu
825 3803 910 3891 viget
936 3800 1000 3867 tale
1018 3816 1164 3897 tempus,
1189 3825 1254 3869 non
1273 3796 1414 3869 adsunt.
1441 3804 1499 3872 Sed
1521 3828 1627 3896 quum
1651 3825 1684 3871 re
1708 3800 1801 3870 tellus
1824 3799 1869 3871 est
1890 3793 1985 3896 sepul·

566 3891 617 3960 lor
630 3889 810 3964 succedente
827 3915 986 3987 autumno
1002 3899 1036 3963 &
1052 3898 1172 3975 hieme,
1196 3916 1269 3966 tum
1290 3899 1414 3968 dolores
1422 3901 1469 3970 isti
1497 3901 1641 3999 populati
1667 3829 1753 3970 sint:
1779 3925 1834 3970 nec
1855 3893 1984 3994 quosvis

565 4012 756 4071 tenuerunt,
779 3988 830 4062 sed
856 3996 1014 4063 mulieres.
1040 3996 1140 4087 ond
1156 3998 1203 4065 his
1218 3997 1258 4065 dc
1282 3998 1380 4067 causis
1392 4002 1544 4093 contigit.
1570 4003 1663 4070 Fusio
1688 4004 1725 4070 fit
1742 3995 1787 4069 ob
1813 3995 1983 4094 squalores.

565 4115 699 4187 corpora
723 4087 926 4189 perspirentia
943 4117 1009 4161 non
1033 4114 1101 4162 tam
1120 4100 1260 4187 graviter
1278 4091 1397 4167 habent
1415 4124 1434 4169 a
1453 4097 1572 4180 fufione
1587 4095 1688 4197 ipsa,
1721 4101 1893 4171 minimum
1916 4116 1987 4196 per·

566 4182 587 4252 s
601 4184 724 4257 irabilla
740 4190 916 4258 luduntur:
941 4194 1052 4261 attale
1075 4215 1174 4286 genus
1193 4197 1385 4264 mulierum.
1412 4204 1493 4267 Item
1520 4214 1590 4268 tum
1624 4200 1757 4268 demum
1789 4196 1837 4266 isti
1862 4195 1986 4266 dolores

564 4213 713 4362 iderunt,
737 4310 843 4379 quum
866 4282 1052 4380 squalidum
1069 4309 1196 4388 tempus
1220 4297 1412 4365 autumnalis
1435 4298 1618 4368 constitutio
1632 4304 1666 4367 δι
1683 4297 1825 4388 hinnulis
1838 4302 1984 4393 excepit:

483 4443 488 4453 .
565 4401 687 4451 utnon
712 4385 912 4464 fremitum,
937 4387 960 4454 st
984 4390 1018 4455 in
1043 4385 1232 4485 corporibus
1258 4392 1389 4462 astrlffls
1413 4442 1424 4472 ,
1448 4391 1492 4464 ob
1519 4400 1751 4495 proximitatem
1787 4391 1986 4465 constitutio·

562 4505 643 4577 num
659 4505 739 4577 pene
755 4488 1005 4568 contrariarum,
1030 4493 1168 4559 mutatio
1177 4487 1259 4562 fadis
1277 4490 1374 4562 fuerit
1394 4513 1525 4589 magna.
1549 4500 1590 4567 Et
1601 4498 1799 4573 artltritides,
1819 4499 1854 4566 bc
1871 4488 1985 4563 ischia·

563 4581 617 4648 des
640 4586 734 4649 etiam
751 4586 784 4649 in
800 4578 981 4654 mulieribus
998 4591 1154 4660 diuturna
1171 4616 1235 4659 non
1253 4588 1398 4662 fuerunt:
1417 4602 1501 4761 puin
1521 4620 1584 4663 non
1599 4613 1688 4664 erant
1712 4597 1824 4688 genite
1852 4617 1873 4661 a
1897 4590 1985 4686 fn'gi·

1429 4717 1445 4762 e

562 4678 781 4747 dis&cralsss
806 4678 1032 4765 humoribus,
1057 4685 1176 4757 utfere
1201 4693 1268 4770 fit,
1302 4688 1392 4761 seda
1447 4718 1483 4762 ro
1506 4694 1679 4787 quodam.
1720 4695 1819 4762 Unde
1844 4683 1986 4762 damosae

474 4808 476 4812 ’
561 4777 693 4871 quidem
714 4773 867 4857 suerunt,
892 4777 942 4851 sed
967 4809 1032 4852 non
1057 4788 1237 4856 diuturna.
1479 4783 1483 4794 '
1583 4785 1585 4790 '
1632 4791 1636 4800 ‘
1857 4811 1881 4826 <.

610 4878 709 4948 Nunc
727 4876 890 4947 videamus
912 4881 999 4958 duo,
1022 4906 1079 4952 cur
1102 4887 1249 4955 mulieres
1272 4910 1313 4960 eo
1335 4907 1403 4958 non
1426 4886 1531 4961 solum
1554 4883 1988 4992 temporespotinsagtotae

557 4977 622 5050 tint
645 4990 747 5072 quam
771 4980 857 5060 uiti,
880 4972 933 5049 sed
947 4982 1044 5051 etiam
1068 5002 1136 5059 tota
1159 4979 1229 5077 sete
1243 4984 1365 5069 bieures
1389 5004 1432 5063 aaa
1448 4985 1684 5088 quiddamtalt
1707 5003 1868 5104 umquam
1901 5009 1990 5088 sept·

1437 4786 1442 4793 ι
