4534 5850
618 556 622 564 .
663 481 735 556 DE
759 478 1412 557 CONVULSIONlBUSLIB.
1636 512 1701 581 με

342 641 395 716 hae
416 646 583 742 opiniones
597 644 693 742 longe
717 641 790 716 suut
812 646 1002 714 dilientaneae
1027 694 1034 710 .
1062 648 1109 714 At
1134 666 1263 718 tantum
1292 645 1433 729 virum',
1463 664 1628 743 quantum
1657 651 1754 720 Gale-

336 765 427 812 *num
448 740 661 838 agnoscimus,
681 743 893 816 inconstantiae
915 741 1096 812 infimulare
1120 743 1205 814 nefas
1231 767 1336 844 puto.
1360 752 1401 818 Et
1424 745 1503 817 forte
1511 753 1524 789 s
1527 752 1560 817 in
1591 749 1657 817 aliis
1682 749 1758 818 locis

343 842 459 937 paullo
481 845 629 938 largius,
661 849 695 915 in
712 844 780 915 aliis
799 842 908 938 paullo
932 838 1071 910 striffius
1095 841 1134 909 de
1157 846 1360 914 convulsione
1387 850 1421 917 δι
1446 841 1598 941 singultu
1614 840 1757 944 disputa-

343 960 378 1008 te
398 941 499 1011 voluit
525 992 534 1011 .
569 945 660 1016 Nam
693 945 773 1014 dum
791 942 896 1009 omnis
913 943 948 1007 &
971 939 1182 1008 convulfionis
1201 946 1236 1011 &
1277 943 1434 1036 singultus
1449 945 1576 1016 caustim
1593 947 1635 1014 ad
1660 946 1760 1043 reple.

344 1040 508 1110 tionem&
524 1044 729 1112 inanitionem
746 1035 928 1113 referimus,
947 1039 1040 1104 nimis
1055 1033 1186 1106 fortaiiis
1201 1041 1385 1132 generaliter
1401 1053 1663 1137 pronuntiamus.
1684 1046 1759 1113 Hoc

345 1157 454 1208 tutem
474 1135 550 1236 supe
565 1147 680 1210 erroris
696 1138 888 1207 occasionem
904 1137 937 1203 in
954 1136 1107 1204 medendo
1121 1141 1311 1234 praetexuit.
1339 1132 1412 1207 Ubi
1435 1143 1520 1209 enim
1537 1142 1682 1212 Medicus
1695 1157 1761 1238 pu·

343 1253 393 1304 tat
408 1232 450 1311 ab
464 1240 637 1309 inanitione
655 1236 807 1306 affectum
822 1256 887 1307 non
903 1236 980 1303 oriri
1005 1233 1017 1318 (
1034 1259 1098 1304 non
1116 1238 1201 1305 enim
1220 1232 1298 1334 saepe
1316 1242 1350 1307 δι
1370 1238 1556 1316 convulsio,
1570 1245 1616 1308 ’δι
1642 1240 1758 1332 singul-

343 1329 459 1406 tusyab
471 1337 644 1407 inanitione
663 1332 726 1410 est,
750 1333 950 1427 quamquam
976 1335 1045 1402 fieri
1068 1359 1134 1402 non
1158 1339 1333 1428 negamus)
1356 1334 1464 1405 statim
1490 1337 1531 1407 cd
1555 1337 1758 1433 repletionem

343 1432 516 1507 tollendam
533 1427 562 1502 se
587 1437 760 1503 convertit.
790 1432 887 1502 Unde
902 1450 940 1501 ut
956 1436 1194 1504 evacuationem
1218 1436 1397 1514 moliatur,
1429 1435 1559 1505 nullum
1575 1460 1642 1503 non
1659 1437 1761 1503 medi-

344 1533 478 1600 camenti
494 1552 594 1623 genus
608 1535 784 1626 experitur.
812 1531 956 1624 indeque
969 1534 1057 1625 agris
1074 1532 1248 1629 periculum
1267 1559 1332 1603 non
1360 1557 1433 1604 raro
1455 1541 1650 1605 intentatur.
1679 1535 1758 1603 Una

344 1631 429 1695 eninr
446 1652 522 1699 cum
539 1625 731 1700 humoribus
748 1651 831 1724 quos
849 1624 961 1698 nostrl
977 1631 1242 1702 medicamentum
1253 1634 1416 1726 exagitat(
1433 1653 1471 1702 ut
1489 1654 1561 1730 pote
1577 1639 1637 1726 qui
1647 1626 1758 1701 morbi

344 1721 442 1794 musae
458 1753 523 1796 non
538 1730 624 1816 smt)
650 1732 756 1799 anima
774 1722 838 1822 ipn
856 1727 983 1799 evolat.
1012 1730 1064 1798 Ut
1084 1753 1189 1822 quum
1206 1731 1362 1822 smgultus
1381 1755 1400 1799 a
1415 1735 1518 1827 preilu
1535 1729 1693 1800 costarum
1698 1779 1709 1811 ,
1735 1752 1758 1802 a

344 1825 580 1916 malignatum
602 1872 613 1903 ,
638 1852 657 1897 a
673 1824 958 1925 perfrigeratione,
981 1851 1001 1896 a
1016 1823 1167 1924 prolapsu
1184 1828 1318 1898 intestini
1331 1832 1455 1906 oritur,
1479 1834 1504 1897 is
1520 1823 1563 1897 ab
1583 1832 1759 1898 inanitione

344 1923 478 2014 quidem
497 1950 563 1993 non
582 1924 651 2003 est,
675 1950 716 1997 an
734 1951 753 1996 a
769 1926 971 2022 repletione?
998 1925 1186 2022 Sirepletio,
1210 1951 1358 2020 quaenam
1378 1942 1389 1996 t
1415 1931 1456 1997 Et
1473 1928 1564 2021 quod
1580 1928 1758 1998 temedium
1861 2012 1867 2023 ‚

344 2017 582 2094 adhibendum?
608 2028 724 2121 ltaque
744 2026 915 2122 prudenter
933 2024 1075 2095 Galenus
1100 2045 1211 2122 ptaeter
1233 2029 1435 2096 inanitionem
1460 2031 1495 2096 δι
1517 2026 1724 2123 repletionem
1743 2028 1772 2102 ‚³

344 2142 461 2191 novam
482 2124 655 2228 quamdpm
671 2125 875 2218 singultiendi
888 2119 1015 2194 causam
1023 2120 1287 2202 comminiscitur,
1311 2149 1412 2221 quam
1421 2129 1545 2195 utinam
1564 2131 1598 2196 &
1617 2126 1658 2194 ad
1674 2149 1759 2193 eon·

346 2218 519 2291 vulnonem
537 2246 670 2317 quoque
688 2222 857 2294 retulitiet·
880 2221 932 2293 Sic
957 2225 1074 2292 Medici
1095 2220 1171 2293 falsa
1187 2226 1368 2320 repletionis
1390 2227 1538 2322 opinione
1563 2223 1682 2300 duest,
1707 2239 1758 2290 tot
1816 2218 1819 2225 ’

346 2322 530 2389 evacuantis
554 2323 690 2390 remedia
714 2348 779 2391 non
804 2324 1036 2413 excogitarent.
1063 2325 1150 2391 Hinc
1177 2323 1224 2391 nil
1246 2323 1302 2390 nisi
1328 2326 1479 2400 vexatio,
1505 2328 1539 2393 &
1564 2321 1760 2397 medentium

346 2438 465 2506 magna
478 2412 618 2512 sequitur
632 2421 812 2492 calumnia·
835 2422 877 2490 Et
895 2419 962 2491 haec
976 2417 1057 2490 forte
1072 2416 1162 2490 causa
1186 2418 1230 2490 est
1251 2444 1325 2514 quae
1352 2421 1513 2489 induxerit
1538 2420 1697 2489 Galenum
1719 2435 1759 2487 ut
1788 2442 1792 2448 ·

343 2518 466 2585 tertiam
488 2515 579 2586 iiiam
597 2514 726 2589 causam
740 2512 972 2593 adumbratet.
990 2520 1137 2588 Gorraeus
1156 2523 1190 2588 in
1206 2513 1443 2588 delinitionibus
1452 2519 1606 2598 Medicis,
1630 2516 1759 2586 &l-lol·

343 2611 439 2681 lerius
463 2637 671 2711 campartem
695 2623 888 2711 attigerunt,
922 2624 956 2685 δι
980 2625 1115 2685 rationes
1139 2618 1334 2713 explicarunt
1358 2613 1478 2712 quibus
1501 2611 1531 2685 se
1553 2639 1624 2686 eam
1641 2605 1776 2684 Galeas.

346 2714 528 2805 opinionem
552 2721 636 2782 tueri
662 2714 743 2809 polle
770 2733 941 2809 putarent.
978 2717 1073 2783 Hanc
1099 2735 1207 2785 autem
1234 2713 1438 2810 quaestionem
1466 2714 1597 2786 Dosiiss.
1620 2715 1756 2807 Scaliger

348 2808 478 2876 Comm.
501 2804 599 2878 inlib.
617 2811 775 2879 decimum
793 2808 952 2878 Aristotel.
967 2811 1006 2876 de
1022 2812 1105 2877 Hist.
1118 2814 1315 2882 Animalrutn
1334 2838 1434 2912 nuper
1449 2819 1481 2884 in
1496 2815 1600 2884 lucem
1617 2814 1758 2890 editum,

347 2906 533 3004 explicavit.
560 2912 645 3001 Quis
662 2903 790 3002 negabit
807 2908 974 2977 humorem
991 2906 1082 2974 nullo
1096 2909 1194 2974 modo
1210 2909 1344 2977 austum
1356 2935 1457 2980 aerem
1474 2933 1531 2981 aut
1548 2914 1758 2982 acidumeva-

348 3007 439 3084 dere,
464 3012 498 3079 dc
522 3029 634 3077 nervos
649 3030 810 3103 pungere,
834 3005 918 3076 unde
936 3005 1117 3076 convulsos
1144 3008 1183 3075 Et
1203 3007 1377 3074 civicennas
1401 3030 1421 3074 a
1445 3008 1602 3076 caliditate
1619 3010 1681 3075 fine
1689 3032 1757 3075 ma-

349 3106 427 3173 teria
442 3107 679 3177 convulsionem
697 3102 778 3176 nasci
805 3123 919 3202 putat,
944 3122 1065 3173 utnon
1089 3104 1247 3199 repletio,
1271 3127 1337 3171 non
1355 3106 1491 3172 inartitio
1506 3099 1597 3172 causa
1616 3104 1671 3170 stt.
1696 3106 1760 3174 Ni-

351 3199 471 3276 srforte
484 3206 565 3275 dicat
582 3210 673 3299 quis,
699 3210 765 3277 nen
785 3204 888 3303 polle,
914 3222 951 3272 ut
968 3206 993 3270 is
1012 3202 1128 3270 humor
1153 3205 1210 3295 qui
1235 3225 1299 3270 non
1325 3203 1474 3278 nimius,
1498 3194 1549 3268 sed
1575 3204 1680 3269 ceteris
1718 3226 1786 3269 a»

350 3302 451 3395 qualis
471 3298 645 3384 habeatur,
669 3307 793 3374 dicatur
816 3306 889 3374 ideo
902 3296 1068 3371 abundare
1084 3302 1176 3393 quod
1196 3301 1235 3370 ad
1262 3306 1396 3371 naturae'
1410 3298 1589 3371 functiones
1616 3316 1673 3368 aut
1695 3303 1762 3395 pri·

350 3398 461 3469 stinarn
478 3408 708 3473 concretionem
731 3404 852 3471 inutilis
876 3402 939 3467 stt.
966 3403 1010 3467 Et
1033 3400 1075 3468 ad
1098 3400 1243 3468 eamdem
1274 3393 1405 3469 Caesaris
1428 3393 1612 3468 sententiam
1637 3399 1774 3467 accedit-

349 3499 439 3591 quod
457 3502 502 3568 ait
517 3500 589 3570 Gal.
603 3502 731 3571 Comm.
748 3500 788 3569 ad
807 3498 932 3595 Aphot.
961 3518 1013 3586 57.
1032 3489 1088 3568 lib.
1113 3518 1141 3586 ς.
1166 3490 1210 3564 ob
1229 3497 1405 3566 cachexiam
1430 3515 1537 3566 totum
1564 3518 1679 3593 corpus
1703 3493 1761 3589 ag-

350 3618 504 3689 gravatur
528 3593 705 3692 sanguine,
728 3600 798 3667 licet
812 3598 949 3667 modum
977 3615 1097 3667 naturae
1123 3599 1357 3667 convenientem
1383 3591 1438 3665 sua
1465 3595 1672 3666 multitudine
1696 3618 1762 3662 non

350 3696 523 3768 excesserit.
548 3701 684 3769 Certum
700 3701 794 3768 etiam
811 3695 855 3766 est
876 3703 1048 3767 Avicenam
1065 3692 1200 3764 statuisse
1215 3696 1425 3766 convulfionis
1439 3694 1609 3792 epileptica:
1631 3689 1780 3791 speciem}

347 3818 450 3889 quarn
467 3817 559 3868 vocat
577 3824 642 3866 non
667 3800 941 3895 proportionatam
958 3795 1197 3881 adxmatetiam.
1222 3798 1262 3863 Et
1278 3817 1314 3863 ea
1335 3791 1379 3862 est
1396 3817 1471 3888 quat
1490 3786 1778 3867 adventinum·

353 3896 413 3968 fit,
437 3897 591 3987 qualitate
608 3898 748 3965 mordaci
764 3920 836 3987 qua
850 3891 992 3963 raraeii:
1018 3898 1132 3980 &ejus
1150 3894 1260 3961 Galen.
1285 3896 1429 3965 meminit
1448 3895 1481 3960 in
1491 3891 1564 3959 locis
1588 3889 1704 3957 adistis
1727 3893 1781 3955 in·

350 3987 423 4059 hist
436 3998 658 4072 Grammatici,
681 4019 754 4110 (pua
770 4018 846 4065 vero
858 3987 900 4063 ab
915 3994 1084 4060 inanitione
1101 4010 1160 4059 aut
1169 3992 1337 4087 repletione
1354 3990 1397 4060 est
1414 4013 1451 4059 ea
1468 3980 1782 4057 estserttmsant

348 4114 548 4189 quamquam
579 4118 712 4170 ωσμος
730 4118 772 4169 tn
792 4098 931 4190 priorem
948 4091 1035 4160 illurn
1059 4090 1299 4182 quodammodo
1323 4090 1363 4158 ad
1394 4087 1595 4186 repletionem
1612 4079 1725 4153 referat
1749 4103 1803 4148 .t¹

350 4194 452 4286 Qod
472 4197 627 4287 quoniam
646 4192 817 4285 questione
832 4192 968 4284 dignum
984 4192 1173 4287 reperimus,
1198 4183 1240 4258 ab
1258 4211 1296 4257 eo
1311 4183 1452 4256 nonfuit
1471 4180 1710 4256 abstinendum.
1775 4215 1783 4240 ι

402 4294 517 4362 Paullo
541 4288 731 4390 plenioribus
748 4293 823 4365 velis
846 4286 996 4361 solvimus
1020 4335 1031 4367 ,
1056 4280 1104 4356 sed
1132 4288 1368 4382 remigrandum
1386 4284 1429 4357 est
1456 4330 1466 4362 ,
1515 4307 1595 4355 uum
1620 4276 1763 4379 superius

352 4390 608 4460 constituerimus
623 4392 846 4485 explicaretur
871 4391 1027 4469 morituro
1041 4410 1079 4457 ex
1105 4387 1234 4458 vulnere
1253 4389 1361 4482 capitis
1383 4408 1452 4484 pars
1488 4309 1560 4454 gna
1585 4380 1784 4455 convulsio-2

352 4510 393 4578 nt
410 4510 573 4561 tentetur.
610 4489 920 4566 Namconvuifionis
942 4482 1047 4558 causas
1070 4488 1247 4578 generalius
1269 4488 1423 4580 explicare
1436 4484 1642 4579 expediteque
1666 4483 1783 4576 opor-0¹

353 4594 419 4655 tuit
443 4637 454 4668 ,
478 4605 516 4658 ut
541 4589 581 4658 ad
596 4609 717 4674 casea
740 4587 902 4667 cunvulfio
927 4603 1091 4665 revocetur
1123 4607 1197 4678 quae
1232 4584 1372 4653 vulneris
1394 4582 1552 4650 occasione
1575 4580 1767 4669 contingit.
1807 4602 1829 4618 ν
1920 4595 1942 4637 a

354 4688 458 4779 Qod
481 4688 561 4757 dum
587 4692 673 4772 lieret
697 4710 780 4771 nova
804 4686 949 4779 quedam
973 4683 1143 4761 difficultas
1175 4676 1285 4750 oblata
1317 4678 1381 4748 est.
1417 4680 1507 4748 Nam
1545 4698 1651 4770 quum
1683 4676 1767 4743 idem

355 4779 438 4851 sorte
454 4785 493 4852 de
518 4785 654 4878 singultu
672 4779 959 4871 judicium-foret,
982 4781 1027 4851 est
1049 4785 1133 4851 enirn
1167 4778 1322 4873 singultus
1361 4768 1494 4852 aconis
1518 4798 1591 4851 rc,
1633 4794 1811 4865 aequum
1886 4789 1890 4796 ·

356 4878 463 4951 visum
488 4905 554 4951 non
577 4883 621 4955 est
637 4886 717 4956 duas
739 4882 953 4959 convulsionis
976 4876 1097 4960 caufis,
1121 4877 1217 4974 ipsius
1242 4896 1351 4947 autern
1377 4875 1534 4968 tinguitus
1558 4868 1767 4976 tresassigna·
1781 4877 1803 4930 .’

359 5002 410 5071 te.
438 4984 476 5050 ln
491 5004 562 5075 quo
577 4981 658 5055 forte
676 4984 818 5057 eonlbans
840 4988 874 5053 in
898 4982 1022 5059 Galtuo
1046 4983 1156 5077 opinio
1180 4977 1344 5050 desiderari
1369 4981 1496 5071 potuit.
1526 4967 1660 5044 vacillat
1683 4986 1785 5033 emm»

456 5083 598 5154 Ballonii
612 5087 712 5180 Opcr.
730 5085 855 5157 Tamus
878 5086 911 5173 I.
1306 5077 1341 5144 X
1635 5060 1717 5130 dum
