4534 5850
609 469 857 598 ueritum
884 466 1275 548 neore-anun.
1297 476 1372 548 το.
1399 480 1435 550 r.
1546 558 1565 568 ,
1641 496 1710 564 217

342 621 479 702 demntia
505 632 710 704 infirmitate:
733 633 812 703 alias
834 629 879 703 ob
903 638 1018 709 vitium
1044 622 1243 713 humorum}
1266 658 1302 704 ac
1327 635 1355 703 si
1375 620 1441 703 non
1466 634 1655 725 concutiant
1674 632 1761 709 haec',

345 731 466 800 vitium
492 731 695 809 humorum,
720 737 754 801 &
777 735 959 806 infirmitas.
985 737 1072 806 Nam
1098 730 1158 805 u'bi
1183 734 1412 827 cacochymia,·'
1424 751 1482 802 aut
1506 754 1680 830 pravorum
1696 730 1759 799 liu·

341 847 476 900 morum
499 835 621 927 copia,
645 825 690 898 ibi
717 836 797 901 vires
822 829 991 903 imbecillas
1014 833 1071 902 effe
1096 833 1209 902 necesse
1233 830 1276 900 esi
1294 858 1302 900 ι
1318 834 1433 927 'quum
1459 825 1571 901 sanitas
1595 833 1629 898 in
1653 825 1759 900 succo'-

344 945 422 995 tum
447 930 657 998 moderatione
680 952 717 999 ac
743 923 887 1001 bonitate
921 929 1087 1001 consiliat:
1119 927 1178 1000 ubi
1212 925 1319 999 stactus
1353 923 1545 1010 laudabilis,
1584 922 1627 998 ibi
1655 934 1760 999 virtus

343 1026 474 1096 valida.
501 1028 559 1096 Nil
583 1050 662 1121 ergo
686 1028 836 1108 interest,
863 1031 886 1097 fi
910 1032 1034 1099 dicatur
1058 1055 1122 1099 non
1150 1031 1298 1129 proficere
1321 1016 1457 1124 corpus,
1481 1029 1532 1099 vel
1556 1022 1601 1097 ob
1624 1025 1758 1097 faculta-

343 1128 385 1189 tis
409 1127 653 1222 infirmitatem,
676 1128 725 1199 vel
752 1151 928 1222 pravorum
956 1126 1121 1202 succorum
1155 1121 1417 1200 exuberantiam.
1452 1128 1524 1196 Nos
1547 1143 1655 1197 autem
1679 1124 1756 1195 cliciss

343 1241 415 1289 mus
438 1225 529 1294 aliter
553 1226 666 1322 paullo
689 1247 755 1317 rem
780 1220 919 1296 habere.
956 1230 1025 1298 Ntc
1049 1222 1134 1300 enim
1160 1229 1183 1296 fi
1208 1231 1286 1299 vires
1310 1218 1425 1296 debiles
1445 1220 1522 1313 sunt
1547 1271 1560 1304 ,
1591 1241 1758 1323 propterea

344 1324 433 1414 pravi
457 1317 544 1391 sunt·
558 1323 734 1392 humores:
759 1332 897 1420 namque
921 1321 978 1395 ubi
1003 1321 1095 1426 pravi
1119 1330 1269 1405 humores
1294 1320 1410 1395 scatent
1429 1372 1442 1402 ‚
1458 1320 1512 1418 'ibi
1539 1325 1702 1419 uerisimile
1716 1324 1757 1415 sit⁴

338 1420 422 1488 'vires
447 1445 512 1488 non
537 1419 704 1490 constare.
738 1423 796 1492 Sed
823 1425 885 1493 hoc
911 1447 1069 1497 revocaret
1095 1448 1152 1495 nos
1177 1431 1209 1495 in
1233 1422 1474 1525 disputationem
1501 1422 1587 1491 illam
1622 1442 1755 1516 gravem

342 1534 442 1611 atque
464 1520 599 1591 arduam
624 1521 663 1589 de
688 1522 894 1594 multitudine
918 1549 938 1594 a
962 1526 1034 1595 Gal.
1060 1547 1170 1596 contra
1194 1547 1247 1594 eos
1272 1524 1446 1594 institutam
1472 1526 1529 1617 qui
1546 1517 1706 1591 sardtatem
1722 1523 1755 1592 in
1795 1535 1798 1539 ’

343 1610 519 1704 audepha
543 1643 607 1687 non
631 1618 871 1700 constituerent,
896 1618 946 1691 sod
970 1629 1185 1702 metirentur,
1219 1624 1268 1696 vel
1293 1648 1330 1693 cx
1354 1617 1458 1721 probo
1482 1622 1615 1701 colore,
1645 1621 1756 1717 chata·

294 1802 299 1812 .
343 1711 452 1792 utere,
487 1722 522 1786 δι
544 1727 706 1789 'venarum
719 1713 962 1811 turgescentia,
998 1743 1055 1793 aut
1086 1725 1205 1792 horum
1237 1727 1422 1791 contrariis.
1457 1721 1557 1811 Quod
1581 1713 1756 1788 absurdum

286 1810 307 1867 ἶ
342 1808 408 1878 est.
435 1813 493 1881 Sed
520 1833 558 1881 ut
575 1809 687 1884 obiter
708 1817 845 1895 dicam,
879 1813 1038 1890 sciendum
1064 1823 1097 1888 in
1121 1821 1323 1913 cacochymia
1348 1823 1427 1891 virts
1451 1823 1628 1886 etiamnum
1653 1808 1757 1887 valere

390 1906 457 1988 sse,
482 1913 643 1984 modone
669 1915 705 1981 sit
730 1912 866 2011 persesta
891 1923 1083 2017 corruptio,
1112 1939 1172 1988 aut
1195 1922 1340 1987 onmium
1365 1919 1540 1985 humorum
1565 1915 1693 2010 aqualis
1712 1916 1757 1984 la-

386 2027 422 2073 s.
452 2011 514 2079 Vix
538 2015 623 2080 enim
647 2031 725 2081 tunc
760 2018 876 2084 virium
904 2013 1005 2086 robur
1028 2016 1203 2088 constaret.
1238 2018 1338 2113 Qod
1375 2040 1414 2085 ne
1446 2018 1518 2109 quis
1541 2037 1560 2084 a
1585 2037 1660 2085 vero
1685 2016 1760 2083 alie-

345 2125 427 2174 num
451 2109 596 2189 credat,
633 2112 742 2182 au‘diat
766 2116 926 2184 Calenum
951 2119 1046 2187 Com.
1067 2121 1100 2185 in
1127 2117 1249 2216 Aphor.
1283 2143 1333 2204 ¹7·
1360 2109 1461 2184 lib.1.
1487 2117 1614 2183 sicum
1641 2116 1759 2182 humo-

343 2224 418 2272 rum
443 2213 602 2302 peouria,
624 2229 683 2278 aut
706 2233 819 2282 eorum
842 2221 1067 2313 corruptione,
1099 2220 1163 2295 ait,
1197 2215 1330 2300 (Greci
1357 2208 1515 2295 maaian
1542 2215 1683 2298 vocant)
1709 2216 1758 2283 vi-

345 2304 431 2369 rium
457 2301 557 2373 robur
580 2305 668 2385 stet,
693 2326 769 2377 tunc
796 2306 897 2408 sapt,
924 2338 959 2381 ac
985 2317 1124 2385 multum
1152 2309 1214 2381 cibi
1241 2306 1428 2383 exhibebis.
1456 2312 1563 2378 Novit
1588 2313 1696 2402 itaque
1708 2316 1759 2378 in-

346 2418 451 2494 tegras
477 2406 557 2475 vires
580 2403 636 2474 esst
659 2406 743 2504 posse
768 2414 801 2478 δι
826 2406 896 2484 uerri
909 2406 1034 2489 uida,
1067 2418 1102 2480 &
1125 2408 1496 2501 miditephopoieicvuir,
1530 2409 1619 2501 quod
1645 2426 1760 2476 notan·

346 2499 443 2568 dum.
471 2507 549 2572 Haec
566 2524 673 2574 autem
697 2529 753 2603 per
777 2513 1047 2605 comparationem
1063 2510 1194 2604 intelligi
1210 2503 1341 2588 debent,
1368 2510 1403 2575 δι
1428 2511 1492 2569 aar&
1510 2503 1591 2568 irrui
1604 2505 1763 2603 ὂμῶλοιξ

348 2598 483 2694 Alioqui
506 2598 672 2673 numerosa
698 2627 842 2676 errorum
866 2606 934 2676 ilias
956 2603 1097 2702 glisceret
1121 2629 1219 2702 atque
1244 2609 1317 2676 hinc
1342 2599 1536 2705 nasceretur.
1563 2696 1566 2701 ι

428 2796 675 2879 111'orz12,
699 2799 1017 2883 him'ris'ntou'scuai,
1042 2801 1239 2883 adolescere,
1263 2797 1453 2879 adcreliere,
1477 2801 1603 2895 adjungi
1628 2805 1762 2901 apponi-

444 2919 509 2991 que
530 2946 542 2982 ‚
567 2899 719 2991 fignificat
742 2902 829 2998 apud
854 2905 980 2972 Graecos
1006 2930 1064 3001 pro
1090 2910 1208 2975 unione
1232 2902 1302 2971 ollis
1328 2929 1401 2972 cum
1427 2902 1528 2971 altero
1552 2901 1640 2981 osse,
1670 2902 1761 2997 quod

348 3016 464 3068 natura
490 2992 536 3073 sui
561 2994 659 3067 oblita
682 3022 718 3067 os
742 2994 870 3072 brevius
894 3002 1099 3081 machinata,
1131 3002 1301 3091 adjectione
1333 3003 1459 3068 alterius
1492 3002 1673 3095 producat.
1701 3002 1762 3069 Sed

350 3099 437 3191 apud
462 3100 604 3195 Hippot.
624 3116 706 3194 part.
724 3099 782 3181 48.
800 3094 856 3167 lib.
881 3124 909 3187 3.
928 3102 1019 3198 Epid.
1044 3099 1148 3174 stilio.
1177 3124 1205 3189 3.
1231 3094 1462 3173 tuberculum,
1487 3094 1762 3191 protuberantiam

349 3190 560 3276 tuberosam,
586 3198 681 3267 ficum
707 3200 878 3291 quamdam
905 3202 1060 3295 fignificat
1077 3192 1202 3271 (idem
1227 3202 1310 3268 enim
1338 3191 1509 3290 synonymo
1533 3190 1709 3273 ermino,
1733 3193 1762 3259 d

351 3294 434 3359 tiro
458 3315 574 3365 vocate
608 3295 690 3361 σῦκον
714 3319 820 3366 autem
845 3292 897 3367 stu
921 3292 1039 3376 σῦκωσις
1064 3302 1150 3399 apud
1183 3299 1330 3367 Paullum
1365 3296 1404 3365 ad
1438 3293 1604 3361 oculorum
1631 3286 1764 3363 morbos

349 3390 508 3459 refertur.
534 3395 588 3460 Ne
612 3397 685 3482 quis
708 3397 836 3470 ficum,
859 3391 911 3462 seu
937 3399 1118 3465 ficationem
1143 3404 1175 3466 in
1201 3392 1267 3463 solo
1290 3418 1352 3462 ano
1376 3396 1552 3483 contingere
1565 3387 1738 3461 arbitretur
1750 3410 1766 3459 .'

353 3490 436 3555 Vide
462 3511 575 3558 nomen
600 3484 673 3556 rire
696 3516 713 3560 a
740 3493 783 3559 ud
818 3495 1012 3561 Gorraeum.
1048 3498 1088 3563 Et
1121 3498 1331 3591 Hippocrates
1356 3515 1419 3558 non
1444 3484 1589 3559 absolute
1620 3484 1762 3567 t'uitvru

352 3586 452 3664 dixit,
477 3582 527 3656 secl
553 3580 671 3667 τῦφυσιν
727 3585 891 3677 aristipos,
916 3582 1043 3671 ἔξωθεν,
1067 3588 1192 3670 ituro,
1218 3595 1323 3670 intus,
1347 3583 1482 3681 forisque
1496 3580 1661 3686 palpebras
1679 3580 1765 3655 eras

352 3707 544 3783 perantem,
571 3707 610 3756 ut
634 3692 673 3756 ad
699 3690 830 3758 oculum
856 3685 1024 3758 reseratur.
1051 3692 1181 3761 Nomen
1207 3672 1284 3781 ertio
1309 3682 1520 3786 Epiphyseos,
1546 3686 1634 3755 aliter
1660 3685 1761 3762 than,

352 3785 498 3864 dicitur,
530 3788 592 3856 alio
617 3791 745 3857 nomine
770 3787 857 3885 apud
882 3789 955 3856 Gal.
977 3791 1010 3856 in
1034 3788 1128 3858 Com.
1153 3783 1331 3862 ε’πανάςασις
1347 3780 1501 3858 sichildae.
1542 3786 1631 3881 Qid
1655 3805 1763 3852 autem
1829 3814 1830 3817 ¹

348 3877 437 3950 'irre
462 3885 608 3972 significet
642 3887 725 3954 Vide
758 3890 926 3956 Gorraum
958 3889 991 3954 in
1016 3887 1132 3965 litera,
1166 3888 1210 3954 Ο.
1237 3888 1388 3957 Ceterum
1413 3884 1467 3951 illa
1492 3874 1763 3961 mascemuti-

351 4006 427 4068 ρων,
461 3984 499 4052 fit
531 4008 550 4053 a
580 3981 722 4053 crassiore
747 3987 942 4078 lentioreque
966 3986 1109 4055 humoris
1134 4006 1221 4083 parte
1243 3989 1302 4080 qui
1327 3991 1358 4055 in
1385 3978 1510 4051 cerebro
1536 4005 1588 4078 per
1614 3978 1765 4047 constitu-

353 4082 473 4152 tionem
499 4083 665 4153 humidam
690 4104 856 4179 generatus
881 4082 947 4152 est.
981 4086 1070 4154 Nam
1095 4079 1215 4180 aquosa
1240 4108 1312 4182 pars
1337 4082 1569 4181 ophthalmiam
1595 4080 1768 4148 humidam·

354 4176 454 4261 facit,
480 4185 685 4281 Hippocratis
710 4208 748 4253 eo
772 4189 804 4254 in
830 4184 900 4251 loco
924 4176 1095 4265 sententia,
1120 4182 1243 4254 craffior
1269 4207 1305 4252 ac
1330 4180 1515 4278 glutinosior
1540 4177 1769 4248 ficationcmin'

354 4280 478 4353 oculis.
507 4284 589 4351 Vide
606 4285 678 4352 Gal.
705 4287 737 4353 in
762 4277 854 4381 supra
880 4278 993 4380 scripto
1017 4286 1274 4354 Commentario.
1301 4275 1461 4351 Credibile
1485 4298 1591 4349 autem
1616 4272 1763 4355 idimon

351 4385 556 4452 eminentiam
580 4383 750 4474 fignificare
775 4387 807 4451 in
832 4377 1054 4479 palpebrarum
1088 4378 1259 4482 presertim
1289 4372 1567 4488 extremitatibus.
1603 4376 1704 4475 Qod
1731 4378 1772 4442 lic

355 4483 558 4579 propositio,
582 4476 640 4563 iili,
663 4483 820 4576 defignate
843 4483 989 4551 videtiir.
1769 4522 1773 4530 ·

357 4709 362 4716 ·
439 4671 640 4749 r'xeoin
655 4724 667 4761 ,
691 4674 817 4747 bonitas
850 4679 990 4757 coloris,
1020 4667 1105 4745 bona
1137 4672 1321 4755 coloratio,
1351 4649 1561 4747 Ciceron's'in
1580 4666 1685 4742 ¹libris
1714 4671 1772 4740 De·
1816 4709 1821 4720 ·

359 4799 361 4804 ·
455 4781 618 4857 Oratore,
642 4782 755 4849 coloris
779 4770 931 4848 suavitas.
959 4776 1059 4868 Quod
1085 4777 1138 4844 ctfi
1164 4798 1279 4875 parum
1305 4773 1443 4875 prodell'e'
1467 4767 1635 4864 pilleatum
1659 4777 1765 4841 tam'en

355 4886 466 4973 magni
493 4883 643 4950 momenti
667 4879 736 4959 est,
770 4902 837 4972 quo
870 4880 901 4946 in
935 4873 1023 4947 sensti
1057 4870 1170 4963 cirpea
1195 4876 1282 4975 apud
1321 4877 1462 4944 Medicos
1496 4868 1674 4941 firmatur.
1712 4863 1769 4933 Est

357 4985 439 5058 enim
467 4972 525 5051 ubi
550 4980 582 5046 in
605 4971 721 5050 borram
748 4998 895 5075 purtem,
919 4976 962 5047 est
987 4972 1043 5047 ubi
1069 4979 1103 5046 in
1126 4977 1248 5048 malam
1273 4969 1416 5047 sumatur
1433 4969 1457 5043 Γ
1477 4973 1566 5042 Nam
1591 4981 1690 5059 aegros
1704 4957 1770 5030 bt·

1605 5085 1645 5130 nt
1665 5085 1719 5131 co
