4534 5850
652 451 736 539 “os
759 464 1278 547 CONVULSIONIBUS
1301 478 1401 550 tii.
1632 510 1698 579 337

339 621 412 699 pars
429 593 500 670 lasa
515 602 549 671 vi
572 596 852 670 inflammationis?
876 593 930 666 Est
950 597 1035 664 enim
1051 590 1249 677 credibilius,
1275 600 1430 693 siquidem
1447 595 1660 674 inflammatio
1677 633 1753 680 con«

338 701 472 776 vellendi
495 694 670 778 causaest,
693 721 763 769 eain
785 695 1018 766 convulsionem
1034 699 1214 788 contingere
1236 690 1371 767 debuisse
1395 717 1467 770 tum
1491 726 1595 797 quum
1621 708 1752 779 iniiam.

335 803 437 868 matio
452 795 597 894 vigebat,
619 821 723 894 quam
731 819 834 892 quum
842 795 1006 865 inelinavit
1024 799 1059 863 &
1075 791 1250 874 deferbuit,
1274 816 1313 866 ut
1327 791 1502 885 suscipione
1512 822 1640 873 tantum
1655 807 1748 876 felin.

335 917 477 991 quatur.
502 900 582 968 Etsi
607 899 690 971 valet
713 893 1046 972 innotescerent,
1071 915 1179 987 quum
1198 889 1263 989 ipsa
1303 918 1352 966 ars
1369 893 1469 994 perse
1494 902 1712 977 inflammetur
1736 952 1750 985 ,

335 1018 443 1088 quum
463 1018 564 1093 partes
588 992 722 1070 nervo&
736 1014 794 1066 aut
812 987 1035 1063 membranost
1049 992 1251 1075 afficiantur,
1277 920 1349 1064 bna
1363 1017 1434 1090 part
1450 1023 1516 1069 non
1531 1005 1745 1085 convelletur,

333 1089 387 1163 sed
403 1088 472 1165 leli
487 1102 522 1166 &
546 1097 723 1168 vulnerata.
750 1097 831 1162 Duo
846 1096 931 1162 enim
949 1093 1015 1164 hacc
1033 1086 1253 1171 usuveniunt,
1276 1100 1385 1191 prius,
1408 1099 1501 1189 quod
1522 1110 1656 1196 partium
1676 1128 1748 1176 ner.

334 1187 484 1266 vosaruiii
500 1192 790 1266 inflammationem
804 1193 968 1266 convulsio
985 1186 1217 1287 consequatur.
1248 1194 1345 1262 Unde
1369 1194 1508 1265 Galenus
1526 1220 1620 1292 negat
1639 1206 1673 1272 in
1697 1228 1749 1275 ar.
1776 1180 1854 1313 ἵζ’
1875 1177 1915 1234 ⁴³

332 1294 458 1362 titulari
475 1288 592 1363 morbo
615 1314 810 1370 nervorum,
835 1285 1134 1362 membranarumve
1156 1293 1440 1362 inflammationem
1456 1295 1545 1374 elle,
1577 1307 1656 1393 quia
1680 1329 1748 1375 non
1772 1271 1824 1401 libi
1847 1269 1915 1402 '⁶4⁹

333 1391 415 1466 adsit
428 1392 616 1464 convulsio.
643 1393 739 1463 Pauci
754 1393 840 1460 enim
863 1410 923 1462 aut
936 1391 1017 1462 nulli
1034 1393 1190 1462 arthritici
1223 1391 1359 1463 convelli
1391 1394 1447 1464 vifi
1472 1388 1545 1465 sunt
1562 1397 1715 1494 posterius
1737 1450 1750 1482 ,
1814 1379 1824 1401 ⁹
1874 1383 1883 1403 ⁰

333 1491 428 1590 quod
443 1507 558 1561 natura
574 1491 762 1585 ligamenti,
785 1491 932 1570 chorda,
957 1497 992 1562 δι
1015 1499 1105 1562 nervi
1123 1490 1244 1562 tardius
1268 1492 1507 1572 inflammetur,
1530 1488 1623 1567 semel
1638 1519 1746 1572 aurem

333 1606 520 1687 conceptam
536 1594 832 1664 inflammationem
849 1616 916 1661 non
930 1587 1019 1662 facile
1043 1591 1201 1688 deponat.
1223 1594 1263 1660 Et
1279 1594 1489 1690 Hippocrates
1502 1590 1558 1663 lib.
1576 1597 1616 1667 de
1634 1600 1750 1671 Carni-

333 1686 411 1761 bus:
435 1685 614 1761 Cerebrum
627 1686 710 1763 sedet
724 1689 768 1763 ell
788 1698 823 1765 δι
847 1691 1030 1790 metropolis
1052 1687 1160 1784 frigidi
1183 1693 1218 1759 &
1241 1689 1393 1784 glutinosi
1411 1716 1422 1769 ι
1455 1693 1532 1763 ldeo
1554 1699 1634 1789 quia
1657 1704 1753 1772 mini.

339 1815 431 1862 mum
449 1793 681 1886 pinguitudinis
704 1785 820 1869 habet,
843 1791 991 1884 glutinosi
1013 1811 1089 1863 vero
1113 1789 1293 1887 plurimum
1314 1789 1455 1859 acalido
1482 1816 1547 1861 non
1571 1800 1715 1868 exuritur
1739 1848 1752 1872 .

337 1886 410 1962 Ubi
433 1892 518 1958 enim
531 1887 730 1985 glutinosum
744 1894 868 1964 affuerit
889 1887 1023 1984 frigido,
1048 1893 1126 1959 citra
1141 1889 1422 1985 pinguitudinem,
1445 1894 1532 1959 exuri
1556 1916 1620 1962 non
1648 1899 1718 1966 vulr
1741 1943 1754 1980 ‚

335 1984 386 2060 sud
405 2009 547 2087 tempore
562 1987 711 2063 calestem
727 1990 930 2086 congelatur.
951 1991 1000 2060 Sic
1014 1989 1104 2060 tarde
1118 1982 1283 2058 cerebrum
1296 1989 1516 2059 inflammatur
1534 1991 1556 2060 si
1571 1995 1756 2092 Hippocra-

335 2092 377 2164 tis
401 2093 482 2159 ratio
498 2085 631 2166 valebit.
656 2093 777 2165 Eodem
790 2093 926 2191 pertinet
943 2095 979 2160 dt
1002 2086 1083 2159 illud
1109 2090 1201 2182 quod
1223 2082 1266 2158 ab
1294 2082 1501 2183 Aphrodisaeo
1515 2084 1666 2190 seriptum
1687 2094 1756 2167 este

338 2190 413 2262 Cur
427 2209 497 2259 atra
513 2185 586 2261 bilis
601 2196 634 2262 in
653 2214 794 2264 mamma
812 2196 847 2261 δι
863 2213 954 2262 erute
970 2212 1119 2259 cancrum
1137 2184 1247 2265 faciat,
1270 2190 1305 2257 in
1319 2181 1677 2285 cerebroiiequaquam.
1702 2193 1758 2265 Est

336 2311 376 2359 eo
392 2289 452 2356 loci
470 2293 615 2385 praelata
639 2290 884 2370 demonstratio,
909 2297 943 2360 δι
976 2285 1049 2377 hucl
1074 2291 1230 2388 pertinens
1248 2287 1355 2359 valde.
1382 2290 1523 2384 Legatur
1547 2289 1635 2360 locus
1649 2288 1759 2365 Probi.

335 2411 396 2476 90.
416 2382 473 2455 lib.
502 2411 531 2454 ι.
551 2392 597 2461 Ex
614 2387 737 2485 quibus
761 2388 842 2463 forte
856 2391 1034 2483 colligimus
1047 2392 1083 2458 in
1110 2380 1307 2458 Vulneribus
1325 2392 1434 2483 capitis
1458 2405 1514 2459 aut
1535 2414 1602 2459 non
1624 2391 1682 2461 esse
1706 2396 1758 2462 ina

332 2487 590 2560 flammationem
606 2492 775 2587 positivam
799 2493 811 2576 (
830 2510 869 2561 ut
885 2493 931 2561 ita
944 2490 1071 2576 dicam)
1097 2483 1387 2565 membranarum,
1411 2511 1448 2558 ea
1464 2492 1549 2558 enini
1575 2492 1753 2562 convulsio-

330 2609 406 2656 nem
424 2589 568 2667 affetret,
592 2595 627 2657 &
645 2591 684 2656 sic
698 2586 767 2659 laesa
788 2613 861 2686 para
880 2593 988 2684 potius
1016 2588 1276 2659 convelleretur.
1302 2587 1413 2657 Autli
1437 2587 1482 2657 est
1504 2586 1714 2661 inflammatio
1737 2638 1750 2670 ,

330 2710 399 2756 non
416 2689 508 2752 initio
531 2687 759 2756 vulnerationis
783 2690 959 2775 contingit.
986 2687 1109 2754 Tamen
1127 2708 1233 2779 quum
1253 2708 1324 2781 pars
1349 2680 1420 2757 sana
1438 2686 1650 2770 convellitur,
1676 2710 1748 2762 tum

332 2785 420 2872 viget
437 2780 651 2849 inflammatio
670 2784 704 2850 in
723 2797 813 2876 parte
830 2774 987 2854 sauciata,
1011 2791 1100 2864 eujus
1120 2786 1280 2853 occasione
1301 2777 1375 2857 sana
1390 2786 1568 2858 coaliicitur
1593 2794 1627 2859 dt
1651 2811 1750 2860 atera.

333 2882 446 2952 bitur.
472 2881 560 2948 Hine
578 2871 728 2949 resolutio
746 2869 821 2948 lale
838 2877 956 2971 partis,¹
979 2880 1020 2948 lit¹
1032 2877 1209 2945 contractio
1225 2877 1341 2947 illast.
1367 2887 1428 2954 Sed
1445 2890 1502 2978 qui
1527 2909 1597 2983 pars
1620 2883 1750 2961 laesam.

333 2981 501 3050 flammata
517 3002 582 3049 non
605 2975 672 3078 tpn
695 2999 751 3077 per
774 2970 1023 3046 secontrahatur
1048 2977 1084 3045 δι
1108 2976 1323 3051 convellatur,
1346 3002 1414 3047 non
1431 3001 1540 3051 autem
1555 2981 1750 3058 resolvaturi

333 3070 653 3155 inflammatioenim
671 3103 736 3149 non
759 3069 885 3147 resolvit
911 3067 960 3144 sed
979 3073 1192 3145 contendit&
1216 3074 1392 3145 contrahit:
1417 3082 1452 3149 δι
1477 3100 1550 3175 pars
1570 3083 1754 3156 inflamma.

331 3199 370 3252 ta
388 3174 483 3277 seipsa
504 3180 543 3248 fit
562 3176 744 3251 astndior.
776 3178 847 3247 Nisi
870 3182 943 3270 quis
966 3176 1079 3245 dixerit
1120 3175 1274 3246 necessum
1302 3168 1358 3245 elle
1394 3196 1431 3247 ut
1454 3195 1525 3247 tum
1548 3202 1655 3272 quum
1679 3206 1752 3279 pars
1776 3222 1872 3282 Galen

332 3273 403 3352 laesr
426 3278 669 3358 inflammatur,
693 3274 766 3349 sana
790 3277 972 3347 retrahatur
996 3296 1124 3373 propter
1147 3271 1226 3346 iaesae
1250 3276 1348 3375 partis
1371 3274 1581 3348 astituioncin
1597 3285 1633 3349 δι
1655 3281 1753 3353 colic-
1776 3310 1854 3367 cona
1873 3262 1914 3367 ’,ι

333 3381 494 3451 silonem.
520 3374 642 3447 Tribus
655 3382 738 3448 urim
748 3378 850 3446 modis
873 3376 1036 3445 convulsio
1045 3370 1362 3450 mrtzdivnvtiua.
1370 3378 1543 3471 contingit,
1565 3376 1665 3449 illaelis
1678 3404 1751 3478 pari.
1768 3395 1914 3470 pa-moq

334 3473 425 3550 tibus
440 3500 515 3572 quae
531 3477 772 3550 convelluntur.
801 3476 903 3544 Vocat
920 3493 1028 3544 autem
1046 3472 1159 3543 Galen.
1171 3466 1532 3550 muniemus&
1555 3471 1687 3558 causas5
1719 3479 1750 3546 ,a
1775 3472 1823 3534 hl.
1860 3490 1893 3547 3.

334 3571 431 3652 escae
464 3596 576 3647 autem
600 3579 754 3649 dicuntur
781 3587 887 3671 quum
912 3573 963 3647 vel
988 3574 1217 3671 aponeurosis,
1252 3572 1302 3644 uel
1326 3596 1440 3646 nervus
1464 3598 1484 3645 a
1513 3596 1603 3675 parte
1628 3601 1692 3649 una
1716 3582 1751 3651 in
1774 3556 1809 3615 ι’
1822 3560 1915 3621 ‘'⁸⁶''

333 3676 432 3747 aliam
456 3687 611 3773 pertinet,
635 3683 671 3749 dt
694 3679 775 3747 dum
790 3676 957 3754 tenditur,
991 3696 1064 3771 pars
1087 3677 1181 3743 etiarn
1197 3667 1273 3746 sana
1296 3671 1436 3745 afficitur
1462 3697 1519 3772 per
1542 3672 1750 3775 sympathiam

333 3771 381 3845 ob
405 3781 526 3868 generis
548 3778 783 3849 similitudinem
798 3781 833 3846 δι
856 3778 1097 3845 continuitatem
1139 3776 1275 3842 artium.
1301 3770 1408 3843 Est&
1431 3776 1580 3868 quadam
1602 3802 1751 3851 commu-

334 3880 387 3944 nis
400 3878 498 3942 totius
520 3880 660 3972 corporis
681 3870 763 3948 valve
780 3923 791 3956 ,
816 3898 893 3970 quia
921 3875 1010 3944 velut
1028 3797 1211 3942 membrana
1226 3864 1412 3941 obtenditur
1436 3879 1589 3945 continua
1603 3879 1666 3947 toti
1680 3901 1750 3946 cora

382 3976 426 4049 ri,
452 3997 524 4067 quae
547 3997 654 4069 quum
671 3973 811 4044 afficitur
826 3978 941 4070 pariter
966 3973 1196 4065 aequsliterque
1213 3989 1318 4039 totum
1343 3992 1458 4067 corpus
1474 3972 1631 4051 afficitur,
1656 3980 1743 4045 utin

333 3995 424 4141 iiim
448 4095 548 4167 quam
573 4067 711 4145 lesmor
736 4090 871 4145 vocant.
898 4074 1025 4148 Primo,
1049 4094 1155 4164 quum
1165 4063 1318 4139 resolutus
1331 4066 1375 4138 est
1389 4064 1552 4140 musculus
1571 4095 1745 4167 congente,

334 4187 416 4241 tttnc
429 4179 515 4242 enim
530 4173 693 4273 oppositus
711 4167 874 4244 musculus
888 4170 1099 4243 convellitur.
1124 4170 1290 4246 Secundo,
1313 4192 1419 4262 quum
1443 4172 1606 4268 oppositus
1620 4167 1748 4244 muscu-

336 4270 389 4339 lus
405 4273 598 4341 extenditur.
625 4273 759 4350 Tertio,
780 4295 887 4366 quum
900 4273 936 4341 id
959 4271 1050 4366 quod
1063 4264 1175 4340 sanum
1192 4267 1258 4347 est,
1281 4263 1322 4338 ab
1346 4290 1385 4338 eo
1401 4270 1490 4363 quod
1505 4272 1746 4343 dontiriuumeli

336 4372 375 4439 δι
398 4371 601 4465 proximum,
623 4372 814 4451 attrahitur,
838 4390 877 4443 ut
899 4375 932 4441 in
955 4376 1040 4440 uteri
1058 4360 1273 4438 seeelhonibus
1295 4370 1449 4462 contingit
1468 4366 1480 4453 (
1492 4371 1604 4453 melius
1624 4375 1750 4449 Graece,

337 4461 429 4541 deni
445 4459 491 4549 ill
498 4469 518 4529 d
535 4462 633 4553 v‘cspue
650 4464 826 4543 μιαςαίσιιιι
851 4507 863 4552 ,
886 4474 921 4540 in
947 4469 1101 4539 basiliensi
1126 4469 1229 4537 codiee
1253 4470 1355 4566 inepte
1378 4469 1495 4560 legitur
1511 4506 1522 4548 ,
1546 4461 1638 4555 trisse
1654 4494 1748 4547 itim-

339 4556 467 4648 etlmt)
492 4568 547 4637 nd
560 4570 701 4637 ,tertium
727 4588 835 4637 autem
864 4570 1001 4640 modum
1018 4569 1051 4636 id
1070 4568 1110 4636 de
1132 4591 1203 4661 quo
1221 4590 1306 4636 nunc
1329 4560 1533 4661 disputatur,
1559 4564 1715 4644 referetur.
1735 4590 1753 4636 .··

340 4662 378 4728 id
394 4666 479 4731 enini
495 4668 585 4759 quod
602 4662 716 4737 sanum
731 4664 791 4745 est,
815 4668 890 4735 idest
907 4715 919 4748 ,
943 4689 1016 4766 pars
1040 4658 1158 4736 cerebri
1182 4660 1277 4741 sana,
1310 4661 1483 4732 attrahitur
1507 4688 1526 4733 a
1558 4684 1649 4760 parte
1674 4659 1747 4737 laesa

340 4763 374 4829 δι
401 4762 625 4837 inflammata.
660 4766 719 4838 Sed
734 4766 786 4837 hic
811 4762 915 4836 obiter
938 4766 1133 4837 moneridum
1157 4786 1198 4832 an
1221 4763 1273 4831 hic
1305 4767 1416 4832 tertius
1440 4762 1516 4831 mod
1555 4759 1749 4836 'convenire

340 4857 432 4956 poll'tt
455 4858 584 4934 cerebro
598 4888 705 4961 quum
722 4869 912 4937 continuum
928 4866 1067 4945 nonsit,
1091 4857 1194 4934 sedin
1220 4861 1301 4934 duas
1322 4775 1595 4959 divisunipsstbs,
1619 4883 1748 4931 ancon-

341 4966 473 5031 tinuum
495 4965 556 5037 dici
571 4964 665 5064 possit
680 4966 909 5050 semuncia,
933 4970 1125 5041 continuum
1141 4954 1315 5041 taruenob
1338 4982 1486 5042 nervosa
1504 4980 1597 5058 parte
1623 4980 1687 5027 una
1710 4960 1745 5046 in

438 5064 580 5135 Ballonii'
592 5067 692 5161 Oper.
705 5061 842 5134 Toni-l.
1335 5057 1368 5126 Y
1566 5056 1697 5129 aiteram
