4534 5850
550 469 630 556 ,312
781 435 1180 516 ourtrtttr
1227 386 1629 511 uattoutr

507 619 643 687 nimium
666 603 740 681 suut
764 616 800 680 in
840 610 932 680 niosr.
959 600 1082 704 Susque
1105 604 1210 700 deque
1234 596 1318 682 sero,
1342 601 1366 670 st
1388 599 1498 700 aliqua
1522 591 1689 698 probent,
1720 603 1828 675 omnia
1850 613 1924 676 ηση·

505 708 690 812 displicuisse
713 710 816 804 gaude
878 758 887 775 .
911 708 990 777 Huc
1016 704 1212 774 candidiores
1233 704 1357 772 animus
1380 699 1530 798 appello.
1564 698 1690 774 Nicer,
1720 698 1927 800 daturusque

503 807 576 882 sum
599 831 760 907 operam,
793 812 990 901 &quoquo
1015 825 1062 871 res
1087 818 1219 882 vertat,
1250 821 1353 868 meam
1375 797 1414 867 de
1439 794 1611 894 quastione
1634 801 1775 894 aperiam
1799 795 1924 874 senten-
1962 806 1967 817 “

504 913 602 981 tiam.
627 907 835 977 Candidiores
858 928 925 973 non
948 901 1103 998 appello,
1128 917 1169 967 ut
1191 903 1290 966 errori
1316 918 1388 966 meo
1412 896 1572 966 calculum
1596 895 1769 995 adjiciant,
1803 894 1856 971 sed
1882 922 1923 985 ut

504 1005 578 1107 'post
603 1008 670 1079 hue
694 1005 884 1074 lineamenta
918 1004 954 1070 de
986 991 1297 1075 adumbrationem,
1333 996 1421 1067 vivos
1451 996 1572 1066 colores
1604 992 1783 1066 addant&
1819 987 1835 1011 ²
1849 1004 1923 1100 pin.

504 1124 601 1201 gant.
629 1094 915 1180 adulandum,
938 1093 1028 1178 seio,
1052 1096 1215 1191 quidam,
1239 1096 1547 1188 videnturquemeo
1568 1085 1674 1166 labori
1697 1087 1782 1164 subs
1808 1100 1816 1113 “
1868 1180 1873 1189 Ι
1911 1151 1920 1170 .

505 1206 580 1275 Tali
602 1204 707 1272 laudis
729 1194 870 1296 aucupio
893 1222 960 1266 non
984 1194 1122 1265 deicdior
1133 1242 1145 1274 ,
1172 1188 1222 1264 sed
1246 1172 1469 1272 biandiairtur,
1493 1192 1673 1263 dummodo
1686 1212 1740 1289 per
1754 1195 1812 1266 boc
1831 1218 1923 1268 merr-

505 1303 635 1372 daeium
659 1298 802 1370 nostrum
826 1295 968 1366 studium
992 1293 1249 1365 commendetur.
1275 1294 1356 1362 Non
1379 1297 1405 1364 is
1428 1285 1500 1361 sum
1524 1299 1584 1386 qui
1610 1309 1740 1365 tantum
1763 1295 1842 1368 mihi
1859 1300 1923 1368 tri-

506 1396 634 1482 buam,
658 1399 768 1470 urnii
793 1396 957 1475 imaum,
981 1393 1107 1473 tersius,
1132 1384 1334 1485 veraciusque
1359 1383 1452 1461 scribi
1477 1389 1587 1488 potiit,
1611 1384 1663 1461 scd

1109 1571 1167 1658 Ed
1189 1585 1334 1683 quadam
1353 1586 1487 1682 prodire
1511 1607 1621 1659 tenus.

512 1792 642 1864 Ultima
666 1793 753 1861 enim
777 1786 840 1858 sere
863 1781 985 1954 seriptis
1008 1780 1163 1857 omnibus
1185 1782 1268 1854 deest
1292 1784 1394 1864 linea,
1419 1785 1538 1856 nedum
1561 1783 1702 1867 nostris,
1736 1798 1809 1883 qi?-
1832 1791 1924 1863 mih

506 1914 541 1962 re
567 1915 641 1962 cum
666 1891 772 1959 deteris
795 1905 909 1959 conten
932 1904 1012 1956 unt.
1038 1885 1099 1955 Sed
1121 1890 1185 1972 jam
1209 1887 1243 1953 in
1268 1881 1449 1978 'quaestionis
1471 1902 1574 1955 arcein
1592 1888 1828 1980 ingrediamur.
1853 1890 1926 1959 Pri-

508 2013 601 2059 inum
625 1987 855 2085 quarendum,
879 2007 921 2054 an
944 1984 979 2054 id
1006 1987 1126 2053 fiatur
1152 1977 1288 2052 sauciata
1312 1984 1421 2052 dextra
1446 1987 1554 2082 capitis
1577 2004 1687 2082 parte,
1712 1985 1831 2057 sinistra
1854 2011 1929 2056 mo-

508 2093 612 2158 rituro
636 2084 851 2157 convellatur.
879 2083 1004 2153 Deinde
1028 2105 1070 2150 an
1095 2082 1133 2151 sit
1158 2103 1232 2153 vera
1258 2081 1434 2152 convulsio.
1460 2085 1571 2153 Tertio
1594 2085 1725 2177 quando
1740 2089 1930 2179 contingat,

507 2210 550 2257 an
576 2180 679 2255 solum
703 2186 884 2260 morituris,
910 2187 946 2252 dt
969 2203 1075 2275 quum
1099 2182 1215 2273 exigua
1238 2197 1376 2251 extrema
1401 2203 1442 2250 ue
1466 2176 1518 2280 spe
1542 2176 1623 2252 salus
1648 2183 1792 2279 pendet.
1829 2187 1931 2254 Deni-

533 2307 573 2353 ue
596 2306 655 2358 cur
679 2284 752 2352 fiat.
815 2279 881 2348 uod
907 2303 1013 2375 quum
1039 2275 1222 2348 constdium
1245 2282 1327 2361 erit,
1351 2280 1393 2347 ha
1434 2271 1482 2351 bit
1506 2282 1631 2353 tandem
1650 2288 1777 2350 animus
1801 2285 1933 2377 inquo

423 2440 427 2450 ,
508 2309 638 2454 sitiatus
660 2382 780 2473 cunqui
845 2397 888 2447 t.
915 2381 958 2459 Er
981 2401 1017 2447 ea
1041 2383 1126 2447 ratio
1148 2378 1287 2448 ineunda
1310 2375 1354 2446 est
1367 2426 1383 2457 ,
1411 2379 1556 2472 aiioquin
1581 2383 1635 2450 vir
1659 2382 1842 2480 veritas&
1913 2422 1930 2437 -

510 2501 578 2550 ret.
605 2483 717 2574 anue
742 2478 882 2575 partitio·
896 2476 1077 2575 plurimum
1101 2479 1237 2546 orationi
1262 2477 1340 2545 lucis
1365 2481 1400 2546 δι
1423 2481 1534 2572 gratiae
1558 2473 1715 2547 conseret.
1742 2403 1930 2550 Neeffn
1958 2514 1961 2521 ·

511 2578 626 2650 efficiet
649 2599 688 2648 ut
711 2576 827 2646 elarius
851 2575 890 2644 fit
913 2575 1004 2673 quod
1027 2576 1178 2650 dicetur,
1210 2569 1260 2643 sed
1285 2574 1400 2642 reficiet
1422 2594 1555 2667 quoque
1577 2576 1732 2665 segentem
1759 2599 1850 2651 certo
1872 2579 1930 2651 fiu-

510 2679 664 2770 gularum
690 2677 831 2772 patrium
857 2675 947 2752 titre,
986 2697 1051 2742 non
1084 2674 1178 2740 airtcr
1200 2692 1298 2763 quam
1323 2663 1508 2738 facientibus
1531 2676 1617 2749 iter,
1653 2673 1801 2745 muitum
1826 2679 1929 2747 detra.

511 2778 596 2845 hunt
621 2769 852 2866 defatigationis
877 2791 988 2865 notata
1012 2765 1168 2868 inscriptis
1191 2760 1350 2866 lapidibus
1376 2761 1500 2864 spatia.
1531 2771 1620 2841 Nam
1643 2771 1790 2845 exhausti
1816 2770 1933 2846 laboris

513 2873 599 2945 notit
622 2866 801 2944 mensuram
827 2871 988 2969 voluptati
1016 2866 1092 2948 eii,
1126 2872 1161 2940 de
1193 2865 1345 2938 hortatur
1367 2866 1408 2937 ad
1433 2870 1558 2965 reliqua
1580 2863 1694 2941 mrtius
1722 2875 1935 2970 exceptione,

514 2969 589 3043 scire
613 2991 777 3067 quantum
801 2974 919 3040 itineris
942 2964 1094 3068 supersit.

565 3072 728 3167 Aequod
752 3071 904 3169 opposita
928 3072 1026 3165 partic
1043 3066 1218 3138 vconquisto
1241 3065 1383 3144 accidat,
1406 3066 1506 3161 idque
1528 3070 1730 3140 conclamatis
1751 3066 1933 3169 desperatis-

510 3194 581 3267 que
604 3165 729 3250 rebus,
762 3188 891 3268 propter
914 3164 1085 3238 doatffimt
1117 3166 1323 3260 Hippocratis
1353 3163 1577 3236 audioritatem
1611 3170 1782 3268 recipitur.
1817 3173 1936 3259 Hujus

515 3265 641 3347 verbis,
665 3271 719 3340 etsi
743 3262 1006 3337 demonstratione
1017 3288 1084 3331 non
1101 3258 1318 3340 roborantur,
1343 3281 1449 3333 tamen
1474 3265 1569 3336 fidem
1582 3267 1731 3361 derogare
1745 3257 1839 3337 ⁸nesar
1863 3265 1929 3338 est.

513 3369 583 3448 Etsi
608 3386 685 3443 vero
710 3367 799 3438 nulia
822 3357 987 3463 superesset
1009 3360 1203 3439 austoritas,
1227 3353 1330 3431 seusus
1351 3356 1414 3460 ipse
1440 3364 1533 3434 fidem
1558 3362 1648 3435 facit.
1677 3358 1749 3436 Ubi
1770 3370 1933 3440 autemis

515 3466 620 3547 adest,
644 3464 758 3544 frustra
780 3466 819 3535 de
843 3487 877 3533 re
900 3458 1093 3533 dubitatur.
1122 3462 1199 3530 Loci
1224 3478 1334 3530 autem
1356 3466 1388 3529 in
1413 3457 1532 3555 quibus
1556 3466 1764 3562 Hippocratis
1788 3465 1936 3542 hittun-

516 3567 651 3639 &oritas
674 3557 825 3662 tantisper
847 3560 1000 3634 lustrandi
1026 3556 1130 3638 sunt,
1163 3560 1263 3629 donee
1287 3581 1325 3627 ex
1349 3554 1538 3631 obscuritate
1562 3566 1677 3633 veritas
1700 3584 1860 3635 eruatur.
1898 3566 1930 3631 Α

516 3659 603 3736 libro
635 3660 692 3733 ai
725 3658 770 3745 iii
795 3661 825 3726 ci
855 3662 896 3745 egi
929 3660 1039 3740 mai
1071 3650 1214 3745 ηομᾶω
1244 3651 1509 3752 auspicandum,
1540 3660 1632 3755 quod
1663 3661 1730 3733 iilic
1763 3663 1802 3734 de
1835 3662 1932 3732 iasio-

519 3809 543 3843 „
569 3754 665 3831 nibus
689 3766 803 3856 capitis
827 3760 866 3828 de
890 3756 1038 3829 instituto
1063 3773 1206 3850 agatur.
1241 3757 1290 3825 lta
1325 3759 1568 3855 Hippocratest
1597 3760 1630 3830 Si
1655 3764 1709 3830 eui
1734 3783 1773 3831 est
1797 3762 1937 3837 vuhreri-

520 3906 544 3943 „
567 3854 631 3931 bus
653 3861 763 3957 capitis
786 3858 995 3928 moriundum
1021 3853 1082 3937 eii,
1108 3876 1164 3923 nec
1189 3848 1304 3925 servari
1328 3858 1353 3923 is
1376 3854 1474 3953 potest
1494 3904 1506 3939 ,
1529 3859 1580 3928 bis
1603 3859 1698 3952 signis
1721 3859 1783 3930 boc
1808 3862 1937 3955 colliga·

519 4006 546 4043 „
566 3980 649 4031 tur.
683 3956 860 4032 convulsio
889 3959 992 4053 (quae
1017 3959 1098 4026 inter
1121 3948 1335 4049 symptomata
1360 3959 1595 4046 enumeratur)
1627 3953 1795 4057 plerosque
1813 3960 1937 4031 invadit

521 4101 545 4141 „
567 4063 602 4126 in
625 4058 689 4128 alia
713 4061 853 4155 eorporis
877 4077 993 4155 parte.
1020 4057 1053 4126 Si
1078 4058 1118 4124 in.
1135 4053 1244 4121 dextra
1269 4073 1356 4148 parre
1379 4051 1475 4125 fuerit
1500 4057 1640 4135 vulnus,
1664 4054 1783 4127 finistra
1806 4056 1937 4127 convel-

392 4191 403 4214 ·
438 4189 452 4214 .
519 4198 544 4235 „
567 4156 678 4230 letur,
715 4160 750 4223 δι
783 4172 919 4223 contra.
949 4155 989 4221 Et
1012 4154 1053 4220 de
1076 4154 1236 4241 Euergetae
1259 4152 1329 4219 filio
1354 4158 1389 4222 in
1413 4158 1515 4251 eapite
1538 4150 1637 4225 laeso:
1671 4150 1840 4226 Livefattn
1863 4151 1938 4223 ossi-

525 4295 550 4330 „
574 4244 635 4329 bus
658 4243 757 4320 sanies
778 4252 854 4318 exiit
873 4248 1073 4340 graveolcns,
1096 4249 1236 4317 vortitur
1259 4251 1413 4342 contigit,
1437 4255 1473 4320 ἀ
1495 4245 1560 4321 sub
1583 4254 1678 4323 finem
1694 4254 1935 4327 convulsum.

521 4394 544 4429 „
568 4337 760 4417 Membrana
782 4348 932 4439 imputris
957 4363 1048 4413 erat.
1077 4345 1115 4410 In
1138 4343 1279 4422 Gneo,
1316 4341 1582 4430 δμέσισμέόὶι
1601 4347 1643 4419 ni
1659 4376 1694 4433 η
1715 4353 1866 4433 naevi,
1890 4353 1942 4421 id.

519 4444 589 4527 est,
613 4462 716 4512 morte
739 4439 873 4512 instante
894 4491 903 4511 .
927 4439 1082 4521 Τιλιυτᾷι
1111 4441 1195 4510 enim
1220 4444 1255 4512 δι
1279 4446 1382 4522 nori,
1406 4448 1442 4517 δι
1466 4448 1630 4529 desinere,
1663 4455 1699 4522 at
1722 4443 1895 4521 tintinna
1930 4497 1943 4529 ,

522 4568 561 4628 ex
586 4540 725 4614 Philotis.
750 4542 927 4637 fignificat.
962 4536 1082 4611 Subdit
1106 4542 1345 4639 Hippocrates,
1374 4548 1422 4615 ita
1456 4565 1494 4618 ut
1526 4549 1581 4621 alii
1611 4542 1791 4645 dung-san
1825 4573 1941 4621 vocem

517 4682 542 4728 ,‚
565 4641 719 4721 ederent,
743 4642 797 4712 alii
820 4644 1007 4741 inpotentes
1032 4642 1170 4721 fierent,
1203 4646 1239 4716 δι
1272 4642 1296 4711 fi
1328 4646 1361 4713 in
1392 4644 1507 4719 dextri
1537 4646 1609 4718 eiiet
1634 4650 1780 4727 vuinus,
1815 4647 1944 4719 finiiiria

518 4788 544 4822 „
567 4740 849 4812 convellerenrur.
883 4744 924 4812 Et
948 4742 999 4810 bi:
1023 4741 1112 4811 lucus
1136 4740 1249 4837 paullo
1268 4741 1453 4822 diffieilior-r
1488 4747 1578 4818 Nam
1601 4770 1622 4818 a
1645 4740 1775 4820 duobus
1801 4753 1940 4845 pattica-

518 4833 637 4910 hribut
661 4840 812 4936 exemplis
835 4839 875 4908 ad
903 4838 1009 4934 plures
1032 4842 1066 4908 in
1089 4840 1192 4933 cupite
1215 4832 1372 4912 sauciatos
1394 4846 1567 4914 oratiorum
1592 4845 1782 4919 munstur.
1816 4849 1857 4917 iit
1879 4846 1942 4915 du-

413 4937 421 4946 ’
513 4979 538 5016 ‚2
562 4932 688 5011 bitatur
710 4960 753 5010 an
777 4936 815 5007 fit
834 4936 1083 5033 ispcriudorum
1098 4926 1223 5015 seusus,
1248 4941 1282 5012 δι
1308 4938 1381 5012 tiiu
1395 4940 1511 5020 dextris
1525 4945 1646 5019 rubrus
1667 4946 1758 5025 effer,
1782 4936 1942 5031 amna.

946 5095 950 5104 .
1748 5088 1774 5124 ss
1795 5038 1891 5122 flesti
