4534 5850
595 458 613 525 t
722 400 1664 523 'rr1urnionun

540 587 631 660 inriti
650 589 824 687 plurimum
842 612 988 674 emanat,
1012 593 1192 663 convaluit:
1217 593 1268 660 hic
1285 587 1414 661 fortuna
1431 592 1608 689 plurimum
1626 586 1742 688 potest:
1769 591 1820 661 An
1841 610 1964 686 urgen-

542 711 572 758 te
598 690 768 759 necessitate
793 693 875 760 idem
902 696 967 765 neri
995 692 1113 789 potest?

428 820 458 875 ς,
591 781 659 855 Sub
675 788 730 856 dio
754 792 869 859 mulier
883 816 1064 885 numquam
1088 791 1270 860 articulares
1296 791 1417 860 dolores
1434 808 1560 887 experta
1581 790 1660 857 dum
1685 793 1718 858 in
1739 790 1877 858 multam
1904 816 1967 858 no-

377 882 517 942 Attbtt'lt‘t
542 883 625 954 &tm
644 879 815 957 sermonem
839 891 1023 985 produceret
1040 889 1166 960 influxu
1184 892 1283 959 luna
1303 911 1401 986 caput
1423 887 1599 982 graviffime
1614 889 1735 965 doluit,
1762 883 1861 956 abeo
1882 907 1964 960 tem-

374 957 405 1013 ὠ
433 959 519 1098 ””ῙΞ““
541 1008 617 1082 pure
633 1009 742 1055 omnes
766 989 938 1056 attlnitidis
962 985 1071 1086 species
1098 992 1278 1084 experitur,
1301 990 1400 1059 nullis
1425 990 1548 1056 malum
1565 985 1647 1054 cedit
1666 987 1822 1055 remediis.

374 1056 445 1175 :nm
486 1057 519 1096 '⁶'
590 1087 643 1152 An
662 1104 753 1154 tutus
777 1088 962 1179 lrydrargyri
987 1082 1080 1155 usus?
1108 1080 1311 1182 Qibusdam
1334 1113 1394 1155 non
1412 1088 1514 1183 placet
1532 1081 1779 1163 recentioribus,
1804 1108 1877 1153 nam
1895 1110 1970 1155 non·

429 1203 458 1255 6.
541 1205 628 1279 oppu
655 1202 709 1251 nat
727 1208 904 1264 venenum,
930 1189 1029 1253 immo
1045 1209 1149 1278 quum
1171 1187 1208 1251 fit
1226 1181 1376 1277 frigidum
1395 1189 1479 1253 intro
1502 1186 1590 1282 pellit
1607 1206 1764 1254 venenum
1782 1189 1815 1252 &
1831 1181 1964 1255 diltlatu

377 1274 509 1346 filim·
539 1282 632 1374 prohi
675 1301 704 1349 t:
729 1304 836 1352 tamen
852 1279 909 1352 usu
930 1285 1115 1377 hydrargyri
1179 1285 1355 1353 eliciuntur
1375 1279 1528 1364 sudore5‚
1555 1286 1692 1352 tenuitas
1718 1284 1812 1367 liujus
1838 1283 1868 1348 id
1890 1281 1964 1351 lacit

349 1368 515 1486 ilicum&
538 1395 701 1448 attenuata
718 1386 850 1450 materia
874 1377 929 1449 nbi
950 1309 1210 1477 quaquaverldm
1229 1386 1349 1452 exitum
1368 1402 1545 1476 quarente.
1574 1387 1614 1451 Et
1632 1383 1722 1474 quod
1739 1384 1783 1448 ita
1801 1375 1962 1478 superiora

365 1446 443 1578 sign
466 1529 514 1566 ,m
537 1496 624 1572 petat
643 1479 855 1573 hydrargyros
879 1505 933 1548 cor
949 1478 1090 1575 fugiens,
1115 1483 1204 1569 (nec
1220 1485 1304 1550 enim
1322 1482 1382 1549 hoc
1409 1483 1526 1565 ladit)
1552 1478 1596 1549 est
1621 1484 1700 1572 quia
1725 1483 1849 1547 inimica
1876 1484 1962 1567 igni,

372 1582 461 1646 ledor.
537 1578 638 1642 immo
654 1577 739 1645 hunc
759 1583 892 1669 maxime
910 1576 1013 1672 fugit.
1040 1582 1108 1649 Cot
1128 1601 1235 1650 autem
1253 1578 1314 1649 fere
1331 1586 1459 1672 igneum
1481 1578 1548 1648 est.
1577 1580 1715 1649 Cuidam
1735 1582 1768 1645 in
1785 1598 1853 1646 arte
1874 1579 1962 1668 Chy-

537 1678 619 1741 mica
641 1671 762 1744 versato
781 1678 882 1775 placet
906 1678 1126 1770 hydrargyron
1145 1678 1292 1774 frigidam
1317 1679 1403 1761 elle,
1431 1682 1453 1746 si
1478 1697 1581 1776 partes
1605 1680 1734 1744 extimas
1762 1672 1902 1773 speeies,
1927 1680 1959 1744 in

537 1775 603 1838 imo
627 1777 710 1842 enim
726 1776 859 1845 calorem
884 1776 940 1846 else
956 1772 1117 1845 summum
1140 1785 1173 1847 &
1190 1782 1373 1847 tenuitatem
1396 1783 1557 1875 partium,
1579 1801 1648 1869 quo
1676 1795 1815 1868 utroque
1836 1795 1956 1842 tantam

410 1884 509 1934 Semta
536 1865 633 1938 habet
653 1871 803 1952 iripynoo.
835 1877 940 1966 Qid
957 1896 1064 1945 autem
1088 1872 1193 1945 semini
1211 1896 1362 1973 corrupto
1379 1870 1496 1947 bellum
1515 1878 1631 1943 indicat
1646 1875 1858 1967 hydrargyros
1878 1893 1958 1941 tam·

369 1955 481 2015 metall.
537 1991 638 2057 quam
654 1974 961 2067 alexipharmacum,
988 1977 1068 2043 lianc
1090 1977 1228 2044 reddunt
1246 1981 1424 2051 tationem,
1452 1978 1482 2042 id
1510 1979 1575 2041 ficri
1601 1975 1749 2065 quidem,
1774 1974 1863 2065 quod
1891 1995 1956 2040 maa

369 2031 487 2168 πῃ·
537 2066 655 2156 ςηαζΐιτ
675 2072 819 2163 analogia
838 2074 917 2136 inter
943 2067 1043 2137 semen
1070 2077 1104 2137 &
1132 2074 1349 2163 lrydrargyron
1377 2073 1473 2153 (hac
1498 2076 1582 2139 enim
1615 2073 1829 2164 lrydrargyrus
1857 2065 1956 2137 lemen

369 2205 424 2263 que
450 2207 511 2244 m.
537 2166 699 2256 quoddam
725 2168 769 2237 est
792 2171 939 2237 omnium
974 2166 1175 2237 metallorum
1203 2171 1216 2256 )
1249 2175 1283 2237 &
1309 2188 1468 2263 quatenus
1494 2166 1594 2238 semen
1620 2175 1686 2257 ejus
1712 2174 1824 2237 auctor
1848 2179 1956 2236 torru-

369 2262 509 2339 roptolrl.
538 2283 631 2359 ptum
658 2269 738 2362 quid
772 2267 844 2350 est,
876 2287 1003 2337 catenus
1034 2269 1175 2362 quadam
1201 2269 1385 2358 o'rrinoeln'qt
1411 2291 1578 2365 argentum
1614 2272 1730 2341 vivum
1754 2270 1834 2338 illud
1858 2261 1957 2364 perli-

369 2344 513 2431 lumitldt'.
540 2365 671 2455 quitur·

368 2436 412 2478 xli
421 2459 432 2483 0

773 2565 1705 2639 ANNOTATIONES.

540 2771 568 2817 1.
697 2758 822 2848 Ippotr.
844 2750 896 2823 til.
918 2755 959 2824 de
980 2749 1089 2824 diebus
1110 2758 1295 2828 decretoriis
1314 2757 1431 2846 jubens
1457 2758 1621 2852 obseruare
1648 2780 1824 2855 temporum
1846 2760 1956 2827 condi·

708 2857 807 2920 tiones
826 2900 837 2930 ‚
860 2856 925 2934 nit3
954 2855 1140 2924 Videndum
1155 2882 1235 2929 num
1254 2878 1379 2959 tempus
1393 2887 1467 2933 tum
1485 2858 1599 2933 morbo
1615 2882 1739 2960 pugnet
1757 2889 1765 2930 ι
1791 2863 1881 2932 Nam
1895 2860 1956 2932 ho·

530 2950 622 3016 minis
640 2968 776 3029 natura,
802 2948 879 3049 saept
895 2956 1030 3023 universi
1047 2954 1233 3050 potestatem
1247 2986 1312 3028 non
1337 2958 1476 3061 superat.

583 3068 614 3115 2.
639 3054 755 3153 Quum
760 3053 856 3142 pueri
873 3052 1094 3125 &adultiores
1111 3054 1291 3125 Cnchec'lici
1308 3081 1467 3128 uocantur
1478 3107 1488 3136 ,
1513 3062 1597 3150 quod
1615 3062 1713 3147 vulgo
1731 3058 1853 3125 dicitur
1878 3055 1956 3127 estre

528 3166 567 3211 en
590 3145 713 3216 chartrc
729 3196 741 3225 ,
766 3146 845 3233 idest
867 3154 891 3213 ἓν
915 3150 953 3232 rii
979 3153 1130 3230 nalzft'n,
1158 3157 1215 3220 vel
1237 3157 1281 3219 rui
1303 3156 1489 3229 καὶικνικιῖ,
1503 3156 1613 3246 supple
1631 3162 1797 3228 altnltotrt,
1828 3158 1886 3221 vel
1918 3153 1957 3218 rii

526 3247 586 3320 ‘'5“
608 3245 771 3324 uoltum?
782 3294 789 3319 2
817 3252 876 3314 vel
890 3248 958 3314 ridi
982 3244 1122 3329 oirpoao‘ot
1147 3253 1219 3341 pati
1239 3300 1250 3331 ‚
1267 3252 1344 3340 fere
1366 3276 1426 3348 pro
1456 3254 1663 3321 conclamatir
1692 3254 1920 3339 relinquuntur
1945 3280 1956 3333 3
2017 3282 2020 3286 ’

528 3342 569 3415 tl·
589 3345 674 3433 quod
690 3347 736 3413 nd
745 3344 911 3433 summurn
931 3352 1047 3419 mariti
1063 3367 1197 3418 ventum
1223 3352 1295 3443 stt,
1321 3376 1362 3421 ne
1389 3354 1654 3423 medicamentulo
1684 3350 1814 3440 quidem
1849 3346 1958 3414 locum

527 3441 671 3510 reliilum
684 3462 826 3534 putant,
842 3444 903 3529 sed
914 3450 976 3533 soli
993 3448 1186 3525 npoyioemoi
1195 3501 1201 3514 .
1232 3457 1284 3515 At
1311 3448 1400 3537 longe¹
1421 3456 1511 3533 secus
1537 3455 1588 3512 re's
1606 3444 1726 3511 habet.
1752 3450 1828 3510 Nec
1848 3440 1959 3522 staua

527 3538 604 3605 dari
620 3542 718 3607 laude
738 3538 844 3609 debita
861 3538 1127 3610 debetFerrreliut
1157 3551 1226 3632 qui,
1245 3570 1312 3612 meo
1339 3548 1467 3634 quidem
1484 3543 1638 3623 judicio,
1662 3542 1703 3606 de
1722 3533 1866 3626 atrophia
1891 3542 1956 3606 ali.

527 3636 607 3721 quid
624 3638 740 3699 litteris
759 3635 1029 3716 commemorabile
1052 3638 1267 3722 consignavit.
1293 3640 1366 3706 Bilis
1387 3640 1479 3710 flava
1496 3643 1530 3703 &
1544 3655 1619 3705 atrae
1632 3640 1713 3704 circa
1736 3640 1823 3723 jecur
1846 3635 1954 3732 perfu-

529 3729 576 3793 fio
588 3730 742 3822 atrophia·
756 3723 851 3794 causa
876 3724 987 3824 sapius
1002 3730 1063 3796 cst.
1093 3734 1155 3796 Vix
1180 3737 1264 3800 enim
1281 3758 1354 3805 vera
1388 3733 1515 3815 o'rpott'o
1533 3729 1741 3812 observatur,
1765 3738 1798 3801 in
1820 3758 1888 3827 qua
1906 3740 1953 3807 vi-

528 3818 611 3892 scera
626 3843 736 3919 pretet
751 3826 965 3921 intemperiem
988 3843 1051 3894 non
1077 3831 1256 3901 multorum
1289 3829 1473 3907 biliosorum
1497 3835 1671 3905 humorum
1694 3834 1831 3904 colluvie
1856 3828 1951 3902 scate-

527 3940 617 3997 rent,
641 3928 675 3989 &
689 3945 801 3991 earum
815 3927 905 4020 copia
919 3925 1189 3998 distenderentur:
1215 3934 1255 4004 ό*
1272 3957 1370 4024 quum
1394 3934 1454 4003 hoc
1482 3931 1576 4021 causa
1607 3937 1787 4001 naturalem
1800 3930 1951 4022 spiritum

527 4019 570 4092 (ἁ
586 4022 722 4089 cahrern
737 4042 912 4113 proterat,
937 4028 1001 4092 via·
1020 4023 1190 4096 laudabilis
1212 4032 1347 4119 sanginis
1370 4037 1467 4123 gigni
1489 4030 1617 4125 potest,
1653 4057 1692 4100 ac
1720 4034 1754 4099 iu
1779 4024 1950 4096 Cachtxia

526 4118 657 4208 quidem
682 4123 913 4188 medicamento
945 4126 1048 4190 locum
1075 4128 1218 4194 relillum
1243 4148 1391 4221 putant,
1425 4137 1507 4225 quod
1527 4131 1640 4217 vitiosa
1661 4129 1703 4220 fit
1731 4128 1892 4202 nutritio,
1915 4128 1951 4193 in

527 4211 675 4305 atrophia
703 4234 812 4283 antem
837 4219 882 4284 ad
894 4218 995 4305 scolam
1014 4222 1162 4290 o'm'unlo·
1180 4226 1393 4315 confugiunt:
1420 4227 1521 4313 Atfi
1545 4231 1668 4295 circum
1697 4226 1821 4314 viscera
1852 4224 1949 4293 collu-

527 4312 599 4425 tries
617 4308 767 4397 alliditur.
778 4313 852 4406 litu,
866 4341 930 4409 qua
940 4317 1039 4406 fouet
1057 4326 1279 4418 intemperiem
1292 4372 1302 4402 ‚
1311 4323 1444 4411 frustra
1455 4330 1617 4397 alimentis
1634 4349 1707 4398 eam
1733 4325 1838 4394 roure
1862 4325 1949 4391 uita·

527 4432 604 4479 ros.

578 4514 623 4577 Iu
639 4533 715 4579 eum
728 4510 829 4592 finem
839 4558 851 4593 ,
878 4515 1007 4584 landari
1020 4517 1118 4613 potest
1138 4521 1296 4592 decoilum
1316 4522 1426 4598 hordei
1441 4528 1582 4596 omniurn
1602 4522 1865 4619 iutyhaceorutm
1889 4539 1948 4585 Μ·

527 4606 612 4676 dicit
630 4607 922 4700 anchusa,florrrm
942 4616 1156 4710 ntnupharis,
1180 4624 1364 4705 violarum,
1380 4630 1549 4721 portulaca
1576 4624 1735 4715 seminum
1745 4621 1948 4711 frigidorum

528 4710 687 4791 majorum
709 4710 749 4781 o·
774 4715 954 4789 minorum,
979 4717 1013 4781 in
1032 4743 1091 4809 qno
1109 4719 1278 4805 difflrloere
1304 4729 1423 4815 poteris
1450 4725 1601 4818 cuffiam,
1627 4727 1665 4798 ci
1695 4720 1832 4807 infusum
1863 4711 1946 4783 Rhea⁸

526 4803 573 4876 ad
592 4800 685 4874 robur
695 4811 802 4900 partis
818 4809 1087 4888 donaronoonrmic
1112 4823 1256 4911 colatura
1267 4823 1444 4909 clarificata
1485 4826 1599 4894 uotidie
1616 4841 1729 4891 utatur
1747 4838 1834 4908 ager.
1858 4821 1946 4882 Item

521 4904 752 5018 Jrileporosato
771 4914 828 5004 qui
846 4914 920 4982 licet
932 4903 1083 5001 stecandi
1111 4917 1183 4986 viru
1211 4905 1388 5012 quamdam
1417 4920 1438 4993 h
1478 4942 1559 5001 rat,
1586 4918 1807 5014 refrigerando
1832 4933 1944 4981 tmen

914 5025 916 5032 '
1320 5029 1326 5036 “
1829 5030 1893 5079 uto·
