4534 5850
461 481 1492 566 ET·E1²HEMER1DUM,L113.11.
1599 489 1663 556 ιόι

290 648 405 724 rmus.
432 648 596 722 Vomebat
618 647 817 743 frequenter.
844 654 960 743 Qum
993 670 1133 722 vomunt
1157 646 1235 750 sape
1257 701 1267 735 ‚
1293 659 1564 751 &contorquent
1597 676 1714 754 eorpus

292 756 401 850 pueri,
425 752 497 820 loco
520 775 583 820 non
605 747 815 825 montenses,
838 749 879 818 de
892 750 1068 846 nephritide
1086 752 1267 841 conjed'tura
1291 753 1347 822 elle
1369 750 1479 823 debet.
1504 759 1545 823 Et
1566 751 1707 825 fomenta

290 854 335 922 ad
349 874 435 921 renes
519 842 644 917 licabis.
670 849 771 947 Qod
787 849 986 926 notandum,
1011 867 1049 915 ut
1068 850 1238 943 prudentia
1264 853 1386 921 Medici
1410 849 1583 925 infantium
1610 845 1711 922 imbe.

294 952 359 1022 eilli
376 955 438 1027 ati,
510 944 648 1017 infantiae
663 945 723 1030 (ut
740 951 785 1017 ita
811 949 935 1032 dieam)
960 948 1142 1016 humaniter
1160 941 1342 1019 succurrat.

523 1050 572 1117 vir
586 1044 717 1125 crassus,
742 1052 778 1117 δι
802 1040 1002 1115 succulentus
1026 1041 1110 1115 febre
1129 1050 1274 1145 capitur.
1303 1049 1401 1118 Dolet
1419 1054 1580 1145 regionem
1608 1051 1705 1149 hepa⁴
1740 1029 1872 1094 Mulieris

293 1153 350 1217 tis.
377 1151 484 1217 Datur
502 1149 789 1216 medicamentum.
815 1145 944 1214 Secatur
959 1168 1053 1216 vena.
1082 1147 1174 1218 Dum
1191 1149 1338 1219 visitura
1365 1147 1518 1229 Medicis,
1542 1147 1715 1220 consulunt
1739 1121 1850 1258 ‘siff‘

295 1265 333 1317 ut
346 1250 460 1315 iterato
473 1249 621 1316 mittatur
641 1239 783 1336 sanguis,
802 1238 875 1313 &s
906 1248 994 1313 uenti
1012 1246 1062 1314 die
1084 1265 1256 1342 purgetur.
1285 1248 1474 1345 imprudens
1501 1251 1618 1318 mulier
1642 1273 1714 1315 orn-
1742 1215 1842 1355 ,ἐκ

294 1351 347 1416 aia
363 1348 530 1443 pervertit.
559 1345 646 1414 Nara
662 1343 805 1414 differtur
822 1266 1041 1440 phlbbotomia
1067 1341 1257 1438 insequens
1282 1342 1482 1416 matutinum
1515 1350 1595 1416 hora
1623 1341 1717 1443 septi·
1743 1361 1889 1442 peremit.

295 1466 363 1515 ma.
390 1444 618 1514 Detrahuntur
637 1442 697 1512 tria
722 1437 880 1537 sanguinis
905 1438 1004 1516 vasa.
1033 1437 1165 1512 Insciens
1199 1445 1469 1541 Pharmacopoeus
1501 1469 1613 1516 eorum
1642 1469 1716 1538 quae
1745 1454 1831 1522 Pera·

296 1541 382 1638 gesla
396 1562 507 1619 erant,
532 1543 588 1611 dat
607 1541 890 1612 medicamentum.
916 1545 1010 1613 Vires
1043 1542 1286 1615 dissolvuntur.
1314 1546 1420 1614 Dolor
1445 1539 1581 1616 ascendit
1606 1543 1719 1641 paullo
1746 1529 1822 1602 iesmi
1862 1618 1869 1630 ·

295 1643 406 1720 ultius,
442 1636 550 1727 ρ’ίγὶας
576 1692 583 1708 .
610 1643 763 1735 Sequenti
780 1641 830 1709 die
846 1663 952 1709 mors.
976 1644 1197 1740 imprudentia
1212 1667 1325 1714 eorum
1350 1651 1410 1738 qui
1430 1639 1607 1714 assidebant
1623 1665 1708 1735 aegro
1741 1623 1868 1690 mem

296 1765 373 1812 eum
414 1743 621 1834 raecipitavit.
646 1741 736 1809 Nam
753 1731 884 1806 morbus
908 1756 977 1808 erat
994 1735 1163 1808 sanabilis.
1262 1748 1265 1755 '
1744 1695 1868 1852 2ςῖἶρ

349 1766 580 1906 observatione
600 1838 738 1929 dignum
755 1834 817 1917 est,
842 1833 958 1906 Nobili
973 1838 1103 1907 cuidam
1121 1839 1193 1911 viro
1222 1839 1411 1934 hydrargyti
1441 1839 1536 1909 litum
1562 1831 1721 1937 ptyalismi
1745 1859 1862 1940 377515„

300 1938 531 2034 perermitatem
556 1935 712 2002 attulisse.
1750 1957 1817 2006 rus.

353 2035 447 2102 Uxor
463 2033 594 2101 Claudii
620 2026 780 2101 Bombard
806 2053 930 2129 repente
946 2040 980 2102 in
998 2034 1241 2128 leipothymiam
1257 2036 1382 2105 incidit.
1409 2038 1559 2132 Sequenti
1576 2036 1722 2105 diemen-
1748 2031 1853 2087 Hm·
1891 2119 1892 2123 Ἰ

299 2151 332 2203 te
349 2150 435 2200 mota
453 2127 514 2199 est.
541 2131 739 2227 Opportuna
756 2130 800 2200 est
827 2151 916 2204 tetrae
935 2131 1137 2203 destillationi
1155 2136 1188 2202 in
1204 2157 1318 2228 genam
1337 2133 1515 2205 sinistram.
1543 2139 1622 2203 Erat
1640 2155 1725 2224 quo-
1749 2110 1866 2248 readin-

299 2252 366 2323 que
388 2229 536 2322 quedam
551 2235 708 2307 amittas,
733 2236 768 2299 &
792 2235 966 2324 agritudo.
994 2232 1047 2300 Ad
1064 2228 1091 2300 se
1116 2232 1207 2301 rediit
1224 2235 1333 2320 adjuta
1360 2236 1516 2302 remediis.
1543 2225 1641 2293 Halm
1657 2250 1725 2292 nc·
1751 2206 1865 2332 πῶς

300 2323 422 2416 poll-bn
447 2374 456 2390 .
484 2326 606 2393 Tamen
634 2326 777 2395 restituta
799 2326 861 2396 est.
890 2329 1017 2396 Mirum
1044 2331 1214 2420 quomodo
1237 2349 1407 2403 venenatus
1432 2331 1551 2399 humor
1576 2329 1610 2394 in
1634 2318 1726 2393 nobis
1753 2370 1893 2416 „mm

303 2442 491 2520 genereturr
515 2442 582 2492 tam
599 2427 663 2492 cito
687 2445 823 2495 mentem
843 2426 1032 2524 percellens.
1752 2441 1891 2515 adaquat.

354 2524 491 2604 loannes
506 2524 536 2590 la
552 2525 641 2593 llille
655 2548 731 2592 cum
747 2525 787 2592 de
803 2520 1142 2619 dysuriaquereretur,
1166 2550 1295 2595 necnon
1306 2549 1456 2595 unacum
1471 2529 1569 2594 urinis
1578 2526 1729 2621 pituitam

308 2621 407 2691 veluti
423 2626 458 2689 in
465 2621 593 2718 capillos
609 2621 944 2699 duetamexcerneret,
958 2631 1060 2692 immo
1075 2625 1185 2694 mistio
1203 2625 1274 2693 ellet
1292 2619 1369 2723 saepe
1386 2644 1515 2694 cruenta
1529 2668 1541 2699 ,
1557 2623 1595 2690 de
1604 2621 1729 2690 calculo

306 2723 417 2815 opinio
435 2717 517 2788 suit.
533 2720 686 2791 Catheter
704 2722 872 2791 immitius.
901 2724 994 2819 Lapis
1011 2730 1076 2790 noir
1093 2717 1319 2820 deprehensus.
1350 2719 1421 2793 Usu
1443 2719 1636 2793 blandorum
1661 2741 1727 2786 mc-

307 2819 561 2886 dicamentorum
576 2823 611 2889 &
631 2821 845 2909 hydromelitis
863 2815 1132 2891 assiduosanatus
1148 2821 1208 2891 eli.
1228 2824 1352 2892 Vinum
1380 2817 1490 2893 album
1520 2815 1729 2914 frequentilli-

307 2921 401 2985 mein
442 2907 558 2984 astibus
568 2909 718 2986 bibebat.
739 2914 924 3012 Qaecausa
940 2916 1001 2987 fuit
1016 2920 1156 2989 tradusti
1177 2928 1211 2988 in
1237 2923 1303 2992 vias
1313 2925 1468 2991 urinarias
1492 2921 1704 3017 phlegmatis.

358 2941 505 3085 cubum
524 3018 685 3085 Mercator
708 3011 792 3085 febre
816 3021 968 3088 continua
986 3012 1169 3090 laborabat·
1197 3019 1424 3114 Apparuerunt
1445 3014 1653 3114 symptomata
1670 3034 1732 3082 ter·
1758 3027 1876 3112 termes

310 3116 417 3190 rima,
441 3133 553 3209 ptaeter
576 3121 733 3185 rationem
755 3122 790 3188 δι
818 3141 942 3186 merem
957 3111 1066 3186 febris.
1097 3109 1254 3186 Manebat
1273 3117 1361 3186 velut
1374 3122 1531 3187 caroticus
1549 3135 1607 3183 aut
1625 3133 1732 3182 corna-
1754 3102 1898 3239 mis*

310 3208 414 3282 tosus.
442 3208 616 3310 Desperata
631 3219 759 3286 omnia.
787 3218 910 3286 Medici
928 3212 1105 3287 nesciebant
1119 3241 1190 3311 quo
1214 3211 1361 3283 referrent
1385 3208 1513 3284 causam
1545 3232 1610 3283 tam
1636 3206 1731 3280 savo-
1756 3259 1883 3336 mmm

312 3336 385 3382 rum
401 3306 653 3407 symptomaton.
675 3318 1000 3392 ¹VocatusGorracus,
1025 3318 1227 3408 quovjudicio
1243 3309 1385 3393 valebat,
1404 3307 1557 3409 prascnfir
1578 3311 1609 3379 id
1628 3331 1734 3396 aver-v
1757 3350 1887 3405 mim,

313 3405 420 3480 mibus
445 3413 529 3479 fieri.
556 3412 679 3480 Contra
697 3435 817 3479 vermes
837 3433 1040 3502 pugnarum.
1067 3412 1274 3475 cessaverunt
1292 3436 1329 3473 ca
1354 3407 1597 3499 symptomata.
1625 3412 1732 3472 Etiam
1755 3428 1877 3503 symm.

312 3511 348 3577 ιιι
376 3509 450 3575 viris
465 3500 610 3600 suspicari
629 3523 755 3599 oportet
770 3504 809 3572 dc
823 3496 1007 3578 vermibus,
1032 3518 1069 3572 ut
1084 3505 1125 3570 in'
1135 3508 1263 3599 pueris.
1304 3512 1309 3522 '
1760 3525 1840 3568 mara
1859 3542 1871 3566 .

364 3598 464 3672 Faber
480 3604 632 3694 tignarius
640 3624 678 3671 ex
693 3602 759 3671 alto
783 3604 817 3670 in
838 3604 976 3699 finciput
994 3602 1124 3671 incidit:
1141 3596 1268 3676 lasum
1285 3615 1354 3670 crat
1370 3599 1582 3678 os&fillum.
1595 3602 1736 3696 Capitur

315 3702 482 3773 confilium
498 3702 536 3769 de
546 3702 748 3772 admovendo
768 3702 930 3771 modiolo.
944 3701 1104 3770 Admotus
1119 3698 1180 3768 est.
1202 3698 1312 3767 Media
1326 3718 1452 3769 tatarum
1473 3694 1523 3769 sui
1532 3716 1738 3799 parteoserat

313 3802 436 3872 fillum.
454 3805 569 3893 Itaque
584 3801 656 3869 licet
674 3820 840 3896 trepaeium
858 3796 1032 3870 nonsuillet
1049 3795 1254 3895 usurpatum,
1270 3798 1313 3865 nil
1322 3800 1450 3895 perinde
1458 3817 1524 3868 erat
1533 3799 1661 3896 periculi
1673 3848 1681 3864 .
1693 3801 1738 3868 Et

317 3920 426 3970 tamen
449 3903 524 3991 quis
549 3918 685 3990 quaerat:
710 3923 815 3968 nonne
832 3904 867 3967 δι
883 3902 1004 3967 ratione
1020 3902 1172 3968 interioris
1196 3899 1360 3985 cuiusdam
1368 3899 1659 3995 contusioniscaput
1675 3893 1739 3966 luit

315 3996 525 4097 aperiendum
543 4011 554 4065 Ξ
580 3995 720 4066 fortassis
740 4049 747 4065 .
776 4003 816 4069 Et
825 4018 931 4069 tamen
945 3991 990 4067 ob
998 4021 1035 4067 ea
1053 3998 1252 4066 incommoda
1267 4020 1339 4089 quae
1346 3994 1416 4065 ollis
1425 3998 1620 4092 apertionem
1647 3988 1735 4087 sequi

320 4096 472 4196 potsunt,
505 4100 662 4166 maturius
676 4097 840 4168 consilium
860 4104 932 4195 capi
956 4091 1073 4176 debet,
1097 4120 1204 4190 quum
1221 4099 1328 4188 agitur·
1352 4096 1550 4190 detrepano.
1577 4098 1618 4164 Et
1639 4092 1735 4161 nostri

320 4196 474 4288 Clunirgi
499 4215 537 4264 ut
561 4197 683 4289 aliquid
709 4219 800 4290 agere
816 4198 1009 4277 videantur,
1034 4192 1105 4268 satis
1139 4193 1228 4265 sacile
1247 4195 1278 4262 id
1299 4190 1454 4292 usurpant
1480 4194 1623 4264 remedii.
1847 4183 1851 4191 ’

367 4296 486 4365 Multis
513 4294 684 4366 difficultas
705 4291 767 4366 fuit
791 4301 909 4375 utine,
934 4298 1025 4391 quod
1042 4320 1158 4391 eorpus
1185 4295 1288 4366 νείκει
1307 4311 1365 4363 aut
1389 4292 1514 4363 emilius
1540 4291 1656 4369 fuerit,
1682 4306 1742 4361 aut
1790 4347 1794 4352 .

320 4396 408 4488 quod
425 4395 530 4464 multa
553 4399 670 4490 pituita
694 4405 816 4492 corpori
842 4398 946 4468 vesica:
963 4390 1151 4475 adhaeserit,
1179 4396 1265 4463 unde
1287 4394 1396 4486 aliqua
1416 4417 1454 4462 ex
1489 4412 1578 4489 parte
1602 4406 1741 4485 occupa⁴

321 4516 357 4564 ta·
369 4491 461 4562 fuent
474 4497 627 4590 capacitas
650 4494 745 4589 ipsius
769 4496 900 4571 veslcae‚
925 4500 959 4563 &
985 4495 1023 4562 sic
1039 4516 1141 4586 panca
1161 4498 1254 4562 urina
1277 4510 1424 4560 contenta
1440 4489 1518 4559 suit.
1545 4492 1582 4557 ld
1600 4511 1676 4560 vcro
1692 4490 1742 4556 vi-

323 4597 363 4661 tii
381 4595 514 4660 maxime
539 4597 575 4661 iis
600 4595 751 4685 contigit,
776 4585 897 4684 quibus
920 4593 1086 4660 carnositas
1110 4590 1221 4683 aliqua
1237 4595 1270 4658 in
1294 4592 1424 4660 urethra
1449 4586 1561 4657 suerit.
1587 4590 1678 4676 Nam
1694 4603 1741 4655 te—

324 4692 422 4760 nuior
439 4694 471 4756 dt
488 4683 631 4762 subtilior
657 4713 730 4789 pars
754 4693 893 4760 materiei
916 4708 1036 4759 excreta
1053 4685 1115 4768 ¹luit
1141 4711 1196 4786 per
1221 4712 1350 4795 penem:
1375 4687 1499 4757 crassior
1517 4710 1592 4759 vero
1617 4708 1741 4755 reman-

323 4792 380 4864 fit,
406 4783 480 4879 quae'
495 4782 701 4862 obherescens
724 4792 758 4860 id
780 4785 959 4889 symptoma
992 4789 1160 4860 attulerit.
1196 4789 1236 4856 Et
1264 4788 1359 4875 hujus
1382 4780 1546 4879 dysuriae,
1577 4791 1612 4854 δι
1638 4780 1741 4851 brevis

327 4887 487 4960 menum
510 4881 603 4958 causa
625 4895 810 4984 ignoratur.
838 4893 875 4959 ld
895 4893 1042 4968 Domino
1068 4890 1114 4959 Le
1138 4889 1228 4957 Veau
1251 4890 1408 4980 contigit.
1434 4887 1553 4954 Medici
1578 4873 1739 4978 putabant

326 4986 384 5058 eise
398 4983 559 5055 calculum
573 5008 632 5060 aut
647 4986 866 5060 resolutionem
884 4992 1046 5087 aliquam.
1071 4993 1112 5063 Et
1132 4989 1164 5057 id
1183 4988 1241 5060 nisi
1263 4988 1428 5078 diligenter
1452 4980 1737 5051 aiumadverticur,

394 5085 572 5159 ..balanis
593 5089 690 5181 Oper.
717 5091 880 5157 Tomrtsl.
1338 5083 1364 5147 L
1611 5072 1711 5138 datur
