4534 5850
528 491 657 560 unt
779 453 1747 559 con-nrurrittusintru.

536 645 647 714 Sextus
659 641 925 735 quadragenarius
940 637 1024 706 ondit
1037 638 1069 703 in
1083 634 1237 705 ouavum
1256 627 1393 702 mensem
1424 675 1434 704 ‚
1457 635 1492 697 in
1514 624 1679 698 nonums
1723 631 1830 714 imus,¹
1852 628 1957 719 &1122

538 746 615 836 cipit
634 739 765 808 odiatur
787 738 1082 832 quadragenarius.
1117 731 1206 799 Οᾶο
1227 734 1376 828 completi
1402 727 1644 824 quadragenarii
1679 749 1813 827 operam
1830 756 1950 816 novem

538 833 655 909 menses
674 887 682 901 .
709 837 805 905 Unde
818 839 929 907 eodem
946 830 1033 902 libro
1054 832 1093 898 de
1116 826 1296 926 septimestn
1323 846 1417 924 portu
1443 846 1537 898 vocat
1554 847 1644 898 natos
1658 835 1693 901 in
1711 825 1846 928 septimo
1861 854 1948 925 qua,

535 940 726 1031 dragenatio
742 932 948 1003 decimestres.
975 933 1027 1000 De
1043 948 1136 996 motu
1152 921 1323 996 orbiculari
1345 927 1468 998 dicium
1493 923 1538 995 est
1560 950 1619 996 cut
1642 945 1805 1028 tantopore
1826 929 1949 1010 officiat

535 1037 770 1128 hominiquum
786 1032 826 1102 ad
846 1027 983 1101 formam
998 1026 1107 1097 circuli
1127 1025 1218 1120 quaii
1235 1027 1273 1095 fit
1293 1025 1422 1096 eurum
1437 1021 1662 1096 deformans.
1688 1030 1788 1099 Calor
1805 1023 1863 1096 dis
1901 1057 1948 1108 ῃ.

532 1138 630 1206 tionis
642 1132 778 1202 incendit
793 1153 876 1208 nor,
894 1134 930 1202 δι
953 1129 1067 1229 plura,
1090 1148 1191 1222 quam
1208 1124 1386 1197 institutum
1406 1122 1540 1207 fueret,
1562 1125 1651 1198 dida
1671 1121 1776 1210 sunt,
1807 1119 1829 1198 s
1881 1161 1948 1206 non

531 1243 666 1306 omnino
683 1229 884 1324 negligmda.
910 1246 913 1251 ·
1441 1243 1449 1261 ’

1021 1421 1473 1494 Τ·ΕΧΤο8.

418 1523 463 1627 '3³'

676 1626 757 1696 Iden
771 1626 829 1719 qni
844 1637 999 1700 cnrrnnt,
1024 1617 1094 1692 &c-
1110 1635 1249 1687 emunt
1264 1619 1299 1686 in
1315 1636 1463 1688 crnrrnrn
1478 1619 1698 1702 inclinantes,
1725 1624 1794 1697 tic.

897 1817 1613 1892 COMMENTARIUS.⁴

530 2036 535 2065 ²
625 2016 881 2100 E'NTPON,
903 2039 1067 2101 oenttum,
1089 2023 1221 2114 Conus,
1247 2012 1439 2097 umbilicus,
1463 2016 1624 2116 pendium
1644 2011 1816 2109 synonyma
1841 2011 1943 2093 fient:

649 2121 697 2189 Ac
712 2119 822 2218 paullo
839 2117 915 2216 post
929 2120 1051 2190 ditetur
1067 2121 1105 2189 de
1124 2119 1275 2191 divitione
1290 2135 1399 2187 motus
1422 2111 1545 2212 spiritus
1571 2121 1607 2182 in
1632 2109 1726 2184 rebus
1749 2111 1876 2188 levibus
1902 2142 1945 2191 ae

524 2209 697 2310 gravibuat
720 2219 755 2286 id
771 2218 862 2312 quod
888 2220 929 2289 ad
957 2222 1143 2314 vertiginem
1167 2217 1378 2286 inducendam
1401 2218 1543 2313 apprime
1560 2209 1657 2282 facit.
1692 2217 1796 2286 Grave
1812 2219 1846 2283 in
1869 2240 1944 2287 me.

521 2316 614 2383 dium
633 2315 753 2394 tendit,
775 2317 864 2388 levia
874 2313 1032 2389 ambitum
1051 2332 1187 2416 petunt:
1221 2321 1258 2386 de
1292 2310 1338 2385 ob
1360 2336 1429 2385 eam
1454 2308 1659 2382 desertionem
1673 2314 1835 2381 tumultus
1854 2322 1942 2384 enci⁴

521 2429 637 2483 tatur.
662 2416 762 2484 Nunc
778 2416 823 2485 de·
835 2420 947 2512 iisqui
963 2437 1100 2486 eumont
1118 2465 1129 2498 ,
1162 2410 1198 2487 dt
1228 2418 1286 2510 qui
1305 2412 1485 2484 festinanter
1500 2430 1635 2481 currunt
1651 2433 1709 2480 eur
1728 2406 1817 2479 facile
1839 2421 1940 2482 verti.

519 2513 621 2603 ginosr
637 2513 735 2590 fiant,
759 2516 915 2613 explicat.
939 2517 1039 2585 Ratio
1059 2525 1092 2583 in
1107 2534 1196 2584 textu
1211 2532 1338 2610 aperta,
1364 2516 1400 2579 dt
1424 2519 1458 2579 in
1475 2513 1716 2580 Commentario
1733 2513 1855 2607 apertio
1869 2511 1935 2582 est·

520 2610 645 2680 Tranfit
659 2615 742 2682 enim
761 2617 896 2710 ampire
915 2615 955 2680 ad
974 2632 1082 2682 totum
1099 2633 1241 2707 corpur:
1275 2628 1314 2673 ut
1328 2608 1475 2699 exemplo
1491 2610 1628 2700 eapitis,
1667 2630 1760 2698 cuius
1774 2610 1934 2682 eonverfio

518 2704 625 2779 statim
643 2714 828 2804 vertiginm
844 2713 986 2785 inducit,
1009 2708 1048 2776 de
1064 2724 1167 2774 cetero
1187 2723 1317 2798 corpore
1333 2702 1538 2771 determinet.
1930 2724 1937 2737 ·

950 2898 1437 2975 textus.
1587 2900 1590 2958 ἑ

785 3111 905 3205 ,ρων
923 3101 1012 3177 enirn
1029 3103 1152 3175 dextre
1167 3049 1464 3198 parresgrnvioree
1474 3092 1563 3189 fine,
1587 3098 1657 3176 &c-

879 3297 1556 3371 COMMENTARIUS.

612 3495 736 3572 Uettio
751 3496 808 3571 effe
827 3496 929 3598 potest
940 3521 983 3570 an
999 3500 1115 3574 dextre
1133 3514 1238 3599 parter
1253 3498 1314 3568 iirtt
1332 3500 1491 3592 graviores
1502 3498 1538 3567 δε
1559 3489 1808 3595 pondomiiorer.
1836 3499 1926 3573 Hine

453 3618 457 3628 ·
477 3599 498 3618 “’
625 3605 710 3669 enim
729 3600 853 3671 elicitur
867 3593 1017 3696 probatio
1030 3624 1089 3669 cur
1103 3603 1163 3694 qui
1179 3595 1273 3669 eursu
1290 3605 1323 3665 in
1341 3595 1611 3695 smistram'potiur
1628 3617 1925 3695 partemvergunt,

447 3727 453 3741 ·
509 3700 694 3789 vertiginem
715 3701 823 3793 potius
843 3693 976 3767 sentiant
992 3700 1091 3791 quam
1109 3700 1168 3791 qui
1184 3701 1217 3766 in
1234 3697 1377 3772 dextram
1402 3744 1411 3763 .
1443 3696 1531 3774 titud
1548 3715 1663 3765 notum
1680 3720 1719 3766 ex
1741 3698 1787 3767 H'
1872 3722 1927 3771 ra·

430 3813 432 3816 ·
510 3837 534 3875 ,‚
559 3811 607 3875 tes
631 3796 699 3867 Cor
743 3818 777 3865 ra
791 3818 865 3890 quae
880 3815 1062 3866 ereroentur
1079 3801 1235 3895 &partes
1251 3797 1350 3890 magis
1371 3789 1441 3864 sunt
1458 3790 1564 3875 satnae,
1587 3792 1710 3867 facilius
1731 3822 1748 3865 e
1836 3818 1871 3867 nt
1888 3803 1925 3876 dc

507 3937 532 3975 „
556 3887 677 3965 serrium
724 3895 814 3966 tilius
829 3890 957 3966 serunt.
985 3898 1082 3967 Unde
1104 3891 1245 3967 Celsus:
1279 3896 1424 3995 Corpora
1442 3917 1515 3989 que
1529 3914 1712 3965 mercentur
1731 3892 1852 3967 facilius
1868 3919 1925 3968 cu-

506 4037 531 4071 „
555 4013 696 4066 rantur.
724 3989 889 4084 ¹iijnsmodi
913 3990 987 4066 sunt
1015 4013 1118 4094 partes
1147 3997 1290 4067 dextre:
1325 3987 1494 4092 prasertim
1511 3993 1551 4061 de
1567 3994 1686 4063 dextris
1703 3991 1921 4072 hominibus,

504 4114 570 4160 non
590 4094 630 4161 de
645 4094 694 4161 his
708 4099 766 4185 qui
781 4089 847 4164 sola
866 4092 988 4164 finistra
1005 4109 1163 4165 utuntur.
1192 4097 1240 4164 At·
1255 4095 1393 4162 maxima
1410 4113 1484 4188 pars
1505 4091 1679 4163 hominurn
1705 4094 1830 4160 dextera
1853 4090 1919 4162 est.

504 4188 553 4257 Ex
571 4191 777 4285 Hippocratis
794 4184 942 4260 sententia
957 4191 1072 4259 dextre
1097 4209 1202 4285 partes
1222 4184 1303 4259 i'unt
1327 4190 1513 4271 oaiidiotes,
1542 4189 1754 4270 efficaciores,
1789 4189 1919 4261 finisttae

502 4277 580 4354 fiant
598 4284 793 4378 frigidiores,
816 4287 888 4356 ideo
906 4287 1139 4382 pondenofiorea
1158 4336 1167 4354 .
1194 4289 1234 4357 Et
1248 4294 1284 4355 in
1301 4282 1390 4356 libris
1402 4286 1443 4357 de
1458 4284 1583 4361 morbis
1593 4303 1703 4386 quum
1721 4290 1764 4360 de
1782 4284 1919 4361 itatem

502 4382 846 4481 purulentum-agit
872 4385 1030 4483 Hippoer.
1057 4389 1129 4481 ait:
1163 4385 1359 4486 Optrmduru
1383 4386 1443 4459 eise
1469 4408 1510 4460 ut
1536 4411 1599 4492 pue
1615 4391 1655 4459 fir
1670 4386 1921 4489 potiussmistra

501 4496 603 4577 quam
617 4482 729 4554 dextra
744 4499 832 4581 parte
852 4531 861 4550 .
895 4477 1010 4554 Morbi
1033 4486 1174 4584 portium
1196 4487 1379 4558 dunarum
1398 4480 1473 4558 sunt
1489 4486 1633 4560 fortiores
1659 4507 1759 4583 quam
1778 4486 1920 4560 suristra-

499 4600 578 4652 tum
599 4628 611 4650 .
647 4582 695 4651 Ae
712 4580 833 4653 fidiont
854 4584 1007 4683 Hippon.
1025 4589 1143 4684 Qum
1160 4582 1303 4657 fortiores
1322 4588 1383 4656 smt
1399 4588 1514 4658 dextra
1532 4606 1638 4687 partes
1657 4611 1722 4657 non
1737 4606 1806 4657 tam
1825 4585 1915 4659 facile

497 4677 539 4749 de
555 4673 692 4753 sanitatis
710 4683 852 4780 presidio
868 4684 1067 4781 repettottmr
1091 4709 1194 4781 quam
1219 4684 1344 4758 sinistre
1364 4711 1373 4756 t
1403 4688 1477 4757 ideo
1500 4706 1609 4782 quum
1626 4682 1719 4758 semel
1735 4681 1887 4758 laborant
1901 4733 1918 4767 ,

343 4789 375 4845 2.
392 4774 474 4857 lpid-
497 4772 629 4849 morbos
643 4777 784 4852 fortiores
799 4786 1004 4879 experiuntur
1021 4832 1031 4851 .
1067 4787 1234 4883 item‘iiip
1295 4807 1321 4855 t.
1341 4788 1500 4879 Magnam
1521 4787 1589 4857 vim
1603 4789 1645 4855 'in
1663 4808 1799 4887 oorpote
1814 4781 1915 4855 babet

495 4879 638 4949 memma
653 4879 781 4959 dextra,
805 4881 918 4951 oculus
934 4883 1059 4964 deuter.¹
1086 4887 1208 4953 Dextra
1237 4901 1298 4955 unt
1311 4883 1464 4951 aridiora
1485 4930 1496 4960 ,
1529 4885 1718 4980 vageriota,
1744 4885 1881 4979 agiliora
1900 4906 1912 4956 e

494 4975 613 5055 flustra
628 4977 792 5061 invalida,
812 4973 1117 5072 immun-siit&
1132 4983 1230 5053 etiem
1247 5001 1364 5054 mutet
1389 4978 1511 5055 Sinuri
1526 4975 1856 5081 aliquidttom'irffisum
1870 4980 1918 5051 iis
