4534 5850
344 1825 471 1899 illppetr.

345 1903 398 1964 sib.¹
417 1907 450 1963 dt

345 1986 449 2044 vulne·

344 2067 399 2130 rt'b.
416 2083 476 2147 exp.

555 465 629 531 ,μ
831 425 1674 507 curiscurnxuuourr

506 583 710 654 viderentur,
736 573 869 670 &plus
892 584 1103 644 nummorum
1135 590 1369 665 emungerent.
1404 570 1549 641 Tandem
1573 568 1657 639 lilius
1682 568 1929 642 inhumanitatis

502 676 631 755 frustus
654 682 688 743 in
712 692 812 770 caput
836 668 938 742 miseri
969 675 1045 766 aegri
1077 672 1292 743 redundavit.
1328 674 1418 741 Nam
1441 693 1548 764 quum
1572 670 1776 767 praejudicata
1801 676 1924 766 ignata·

504 774 698 845 muliercula
723 775 853 869 opinio,
877 775 913 842 dt
936 773 1071 868 pecunia
1095 770 1258 866 praepostta
1282 766 1383 839 suisset
1406 769 1571 839 clamantis
1595 771 1673 862 agri
1692 763 1808 850 saluti,
1834 767 1927 840 sitne·

503 871 572 947 slus
595 877 693 943 exitus
740 870 847 939 iaculo
869 871 986 962 dignus
1010 866 1055 938 est
1078 861 1254 938 insecutus.
1282 868 1410 938 Vulnus
1433 870 1519 938 enim
1545 858 1711 951 sanabile,
1736 871 1927 940 inhumani·

505 990 552 1041 tas
576 972 660 1040 illius
683 973 716 1041 in
788 963 852 1036 bile
875 967 1026 1037 reddidit.
1055 968 1146 1035 Mors
1169 970 1235 1036 cita
1259 988 1324 1036 non
1349 963 1437 1047 fuit,
1470 966 1562 1060 quod
1587 965 1718 1046 hiems,
1743 970 1835 1064 quod
1862 970 1924 1039 lio·

499 1093 573 1141 rens
596 1088 687 1140 aetate
711 1063 820 1137 soret.
853 1066 981 1136 Mirum
1004 1063 1074 1145 est,
1108 1071 1211 1134 immo
1232 1068 1324 1136 omni
1347 1069 1495 1166 opinione
1521 1072 1619 1152 majus
1644 1066 1738 1162 quod
1763 1071 1922 1162 contigit.

497 1171 593 1239 ,Nam
617 1169 735 1240 odiavo
758 1182 833 1235 ante
856 1158 986 1236 obitum
1008 1166 1077 1242 die,
1103 1169 1139 1235 δε
1155 1159 1377 1260 sequentibus,
1401 1166 1441 1236 de
1459 1157 1636 1233 incredibili
1654 1169 1815 1261 partium,
1842 1168 1922 1238 alia-

499 1291 579 1336 rum
605 1265 674 1364 post
699 1264 795 1344 alias,
819 1264 929 1334 dolore
952 1257 1227 1357 conquerebatur.
1253 1268 1336 1334 Mox
1361 1286 1414 1364 pes
1437 1257 1591 1342 dolebat,
1624 1263 1731 1334 deinde
1756 1285 1921 1361 praeunte

498 1365 562 1436 isio
587 1366 720 1433 immani
743 1362 869 1440 dolore,
894 1385 966 1460 pars
990 1382 1135 1433 emortua
1158 1358 1379 1457 elanguebat.
1406 1365 1566 1456 Sequenti·
1580 1363 1631 1432 die
1655 1385 1725 1432 ctus
1749 1365 1832 1432 idem
1858 1388 1921 1463 pa·

502 1458 660 1533 tiebatur:
685 1467 720 1532 &
744 1462 784 1530 fic
807 1462 937 1553 singula
961 1483 1091 1560 partes,
1114 1463 1181 1532 aliae
1206 1462 1275 1559 post
1299 1463 1374 1533 alias
1396 1462 1540 1531 extinsia
1565 1454 1637 1528 sunt
1661 1479 1698 1530 ac
1723 1462 1919 1554 demortuae.

502 1559 719 1631 Praeceslerunt
743 1563 779 1630 &
801 1553 946 1626 σωλκιά
968 1555 1228 1632 convulsionibus
1253 1561 1381 1630 similes.
1408 1562 1458 1630 Sic
1482 1559 1647 1628 duodecies
1672 1582 1754 1657 pene
1773 1581 1921 1651 mortuus

503 1658 608 1742 (nam
632 1667 700 1735 vim
723 1661 733 1726 i
757 1659 819 1727 stus
841 1657 1049 1728 dissolutionis
1082 1664 1116 1729 δι
1151 1662 1262 1729 mortis
1295 1658 1420 1777 fingula
1443 1680 1582 1753 quaque
1608 1678 1681 1755 pars
1705 1661 1876 1756 pertulerat
1902 1663 1918 1751 )

501 1759 628 1828 tandem
654 1682 838 1826 condmtus
862 1761 897 1827 &
920 1776 1068 1827 mortuus
1090 1756 1160 1827 est:
1195 1764 1230 1828 δι
1256 1750 1395 1839 ἔμπαιον
1413 1751 1523 1825 atain
1544 1749 1774 1844 aloannia„
1794 1750 1921 1838 ῗφῐλθςῖ

501 1850 655 1935 adram.
686 1874 725 1924 ut
748 1856 897 1950 loquitur
928 1858 1083 1954 Hippocr.
1110 1856 1181 1927 Ne't
1203 1855 1340 1948 ejulatus
1360 1903 1371 1936 ,
1391 1878 1461 1925 -nec
1486 1856 1626 1924 lamenta
1651 1855 1844 1926 homunculi
1867 1860 1919 1927 di-

496 1974 640 2023 remtum
663 1954 844 2029 violentum
867 1955 1067 2048 singularum
1090 1963 1234 2054 partium
1258 1956 1408 2053 patientis
1421 1974 1533 2027 -avarae
1557 1951 1749 2023 muliercula
1768 1962 1919 2028 animum

499 2052 685 2129 mollierat
711 2051 836 2123 flesiete
859 2072 1057 2150 potuerunt.
1084 2059 1125 2124 Et
1149 2056 1194 2124 it'a
1218 2059 1312 2129 vivus
1333 2060 1348 2140 s·
1361 2074 1399 2124 ut
1424 2054 1541 2148 vulgus
1564 2051 1739 2147 loquitur)
1763 2071 1919 2125 mortuus

500 2147 570 2218 esi.
596 2151 685 2225 Idem
710 2175 790 2249 pene
812 2155 959 2246 contigit.
978 2148 1079 2223 nobili
1113 2154 1263 2224 mulieri.
1298 2157 1387 2224 Huic
1435 2176 1519 2223 uum
1542 2145 1678 2221 obortus
1700 2168 1806 2223 tumor
1830 2149 1920 2224 bret

499 2253 535 2317 in
560 2249 644 2319 maia
667 2251 796 2329 deutra,
819 2245 943 2321 discuti.
956 2279 1021 2322 non
1045 2258 1170 2353 potuit:
1196 2255 1324 2324 tandem
1343 2254 1388 2324 ad
1410 2177 1624 2352 suppuratum
1646 2252 1749 2322 venit.
1775 2251 1920 2347 idquod

381 2370 384 2379 ’
499 2340 660 2426 effluebat·
673 2352 749 2421 tetri
772 2369 840 2421 erat
864 2351 988 2420 odoris.
1015 2354 1143 2424 interna
1164 2375 1224 2452 per
1247 2375 1282 2423 os
1306 2349 1368 2424 suit
1394 2356 1521 2453 eruptio
1540 2355 1626 2422 :De
1649 2349 1845 2448 applicando
1868 2347 1920 2421 fo-

339 2521 458 2602 cusae.

344 2694 376 2713 ‘r
404 2700 406 2707 ¹
433 2688 465 2709 ι.

334 2718 377 2741 ΙΙΙ
463 2726 465 2731 “

492 2447 540 2519 ris
557 2451 704 2523 ,cauterio
727 2443 946 2546 cogitabatur.
959 2496 962 2507 ι
976 2449 1129 2522 Mulieres
1153 2473 1194 2524 ut
1212 2472 1353 2525 amantes
1376 2446 1450 2522 sunt
1476 2447 1551 2529 sui,
1575 2455 1620 2520 δι’
1635 2466 1713 2519 cura
1736 2451 1848 2520 cultus
1861 2445 1917 2522 -sui

496 2547 574 2640 quia
595 2549 682 2648 cripi
699 2574 765 2625 uon
790 2549 909 2647 potest,
932 2558 976 2618 im
1048 2557 1094 2624 ari
1117 2545 1220 2621 abiis
1243 2554 1275 2620 id
1299 2554 1464 2646 nequivit.
1490 2551 1553 2618 Pus
1577 2543 1611 2614 su
1635 2547 1796 2641 pressum.
1827 2538 1916 2620 Tan-

493 2636 598 2724 dbm,
629 2670 736 2742 quum
759 2641 805 2719 sat
829 2641 907 2719 bene
931 2571 1048 2718 habs:
1070 2649 1252 2719 videretur.
1285 2665 1409 2742 tepente
1432 2648 1466 2712 in
1489 2665 1574 2736 genu
1621 2643 1693 2709 olo'r
1719 2642 1914 2720 incredibilis

384 2778 390 2791 ·
496 2761 586 2813 ortus
609 2728 672 2824 est,
695 2747 769 2817 hirc
792 2746 927 2820 horror,
951 2745 1025 2812 hinc
1049 2745 1209 2841 repentina
1234 2764 1346 2810 mors.
1373 2743 1474 2811 Unde
1498 2740 1588 2808 dolor
1611 2757 1680 2810 tam
1706 2749 1913 2838 repentinus?

455 2892 458 2897 -
498 2843 600 2939 Quod
625 2867 685 2942 pto
709 2837 829 2912 fonbus
850 2864 938 2912 mors
954 2861 1057 2918 erat,
1082 2844 1117 2912 δι
1143 2846 1176 2910 in
1199 2843 1339 2935 conjugis
1362 2835 1410 2909 sui
1436 2841 1502 2908 sinu
1529 2856 1654 2936 tepente
1676 2841 1818 2912 extittsta
1841 2844 1910 2914 est.-

391 2977 408 2990 ··
495 2943 551 3012 An
574 2965 595 3012 a
620 2942 753 3013 maxillis
776 2943 819 3011 ad
842 2963 927 3035 genu
952 2934 1056 3037 ipsum
1088 2942 1135 3013 vis
1169 2940 1313 3036 maligna
1344 2934 1451 3010 morbi
1476 2935 1503 3009 se
1528 2939 1690 3010 inclinavit
1713 2962 1752 3011 eo
1777 2949 1914 3019 materia

496 3041 675 3118 translatas
701 3043 925 3137 Nequaquam·
946 3061 1045 3113 vero.
1083 3041 1143 3112 Sed
1165 3046 1243 3135 quia
1268 3043 1300 3113 vi
1324 3041 1468 3135 extingui
1491 3040 1656 3136 emotiqne
1681 3051 1787 3139 partes
1809 3065 1911 3142 opor.

497 3144 562 3214 tuit
585 3163 658 3234 que
681 3135 812 3239 spiritu,
838 3134 986 3233 unguine
1010 3144 1045 3209 δι
1069 3139 1257 3238 vita²plenae
1279 3157 1368 3211 etant
1383 3187 1393 3205 .
1409 3182 1412 3188 ν
1430 3140 1507 3228 Nec
1523 3140 1608 3209 enim
1634 3149 1755 3209 novum'
1779 3139 1910 3214 estana

494 3256 526 3307 te
549 3233 694 3316 obitum,
717 3263 824 3332 quum
839 3244 910 3326 ,jam
934 3245 969 3305 in
994 3232 1179 3334 propinquo
1204 3261 1288 3309 mors
1310 3236 1376 3316 est,
1403 3233 1611 3333 neseio-quos
1633 3238 1764 3332 dolores
1778 3243 1906 3315 inenat-

497 3331 609 3403 rabiles
634 3332 922 3434 &inexplicabiles
946 3341 1093 3414 excitari,
1117 3338 1157 3407 de
1181 3332 1304 3432 quibus
1327 3342 1405 3437 agri
1430 3356 1636 3433 queruntur,
1661 3338 1712 3410 vel
1737 3342 1837 3434 quod‘
1851 3357 1905 3413 ta&

494 3433 637 3510 lts'abiu
652 3435 783 3510 ,dolores
808 3436 889 3513 fint,
912 3436 962 3509 vel
986 3436 1075 3531 quod
1101 3441 1211 3532 egroti
1236 3432 1514 3508 comminiscantur
1534 3437 1612 3505 sid
1635 3431 1816 3511 observavit
1829 3441 1905 3513 ffl-

495 3530 564 3611 sus,
588 3542 622 3603 &
645 3559 683 3606 ex
708 3532 926 3629 antiquiffimis
950 3529 1154 3632 scriptoribus
1177 3531 1341 3606 desumsrt.
1370 3528 1476 3607 Verba
1499 3542 1564 3624 ejus
1589 3531 1661 3605 sunt
1685 3549 1789 3633 quum
1814 3540 1902 3632 figda

494 3636 637 3729 proxime
658 3627 850 3704 advenientis
874 3637 985 3702 mortis
1005 3634 1199 3732 explicavit:
1225 3638 1357 3704 Dolores
1379 3638 1474 3707 etiam
1498 3640 1577 3703 circa
1601 3657 1693 3705 coxas
1718 3641 1753 3706 δι
1774 3633 1901 3706 inferio-

495 3750 544 3802 res
569 3746 670 3824 partes
693 3734 784 3809 otti,
819 3732 906 3799 fiad
933 3726 1077 3809 uiscera,
1110 3730 1186 3800 idest
1210 3733 1251 3801 ad
1273 3734 1329 3802 ilia
1360 3734 1411 3804 vel
1444 3735 1495 3803 dia
1518 3735 1653 3827 hrugma
1686 3721 1877 3806 transierunt'
1888 3765 1904 3817 ,²

492 3820 666 3923 subitoque
686 3829 867 3922 deserunt,
888 3850 1028 3901 mortem
1052 3824 1169 3900 subesse
1190 3829 1370 3909 testantur,
1395 3759 1556 3927 magisdue
1572 3834 1632 3911 'isi
1653 3835 1716 3905 alia
1738 3835 1826 3930 signa
1849 3859 1903 3907 at-

492 3926 647 4003 ,oeil'erunt
700 3922 843 4023 Duobus
866 3927 915 3996 his
937 3930 1085 4028 exemplis
1109 3948 1196 4029 patet
1220 3930 1668 4011 eolivulllonemyls'rtmorem
1692 3926 1711 4013 ,ἕ
1728 3917 1896 4028 immanes-

494 4050 560 4120 que
583 4028 705 4099 dolores
728 4024 819 4124 sequi,
846 4028 1018 4122 aliquando
1048 4053 1153 4125 quum
1184 4024 1278 4100 febris
1299 4055 1370 4101 non
1392 4030 1436 4099 eli
1460 4032 1587 4125 insignis
1610 4033 1714 4115 (nam
1738 4052 1814 4102 tunc
1837 4033 1901 4101 no·

493 4129 610 4192 mirem
623 4121 928 4210 ,facile.consumit)
955 4151 1059 4219 quum
1073 4149 1157 4196 atas
1182 4131 1299 4197 florens
1320 4125 1518 4226 prveniltquc
1541 4151 1656 4229 corpus
1679 4128 1723 4199 est
1735 4178 1747 4209 ‚
1779 4134 1816 4199 dt
1849 4123 1896 4200 sa.

493 4223 533 4289 tis
555 4226 710 4313 exiguum
734 4224 881 4298 vulnus,
904 4225 1003 4311 :quod
1035 4225 1225 4315 negligentia
1247 4227 1337 4295 letale
1370 4226 1413 4295 eli
1437 4243 1456 4294 .·
1482 4233 1523 4297 Et
1548 4249 1742 4299 tamennon
1766 4229 1896 4302 viderur

491 4318 615 4400 bomiri
640 4318 780 4385 necando
803 4315 896 4386 satis.
919 4318 1009 4386 Nam
1031 4343 1096 4386 raon
1120 4322 1177 4388 nin
1201 4325 1234 4391 vi
1258 4324 1400 4413 quadam
1424 4345 1539 4421 eorpus
1564 4328 1769 4400 dissolvimur.
1809 4330 1901 4398 Vni:

490 4418 619 4511 gusita
641 4414 806 4507 loquitur,
830 4416 882 4481 hic
903 4413 996 4482 corde
1018 4408 1093 4482 stro
1113 4413 1270 4487 exfistente
1292 4421 1399 4490 interit
1418 4471 1425 4490 .
1458 4424 1509 4493 Sic
1535 4429 1600 4497 lieri
1625 4425 1724 4526 potest
1749 4442 1788 4495 ut
1809 4419 1897 4498 sanae

534 4533 595 4584 rtes
618 4506 843 4612 praesntientes
864 4510 1105 4605 quodammodo
1127 4514 1357 4592 dissolutionem
1367 4514 1432 4603 sui,
1456 4527 1690 4605 colivellantur,
1713 4535 1899 4596 nontrans-'

577 4610 656 4687 sorte
678 4615 810 4684 materia
833 4637 853 4684 a
876 4604 945 4684 laesa
970 4634 1059 4713 parte
1081 4622 1144 4709 iant
1169 4612 1374 4689 oocumbente
1393 4666 1403 4697 ,
1420 4638 1500 4692 'non
1524 4619 1737 4695 consumtione
1761 4615 1892 4721 spiritus

487 4707 537 4790 ab,
554 4714 822 4792 inflammatione,
847 4709 897 4784 sod
944 4718 997 4786 uia
1021 4722 1104 4813 parti
1127 4710 1281 4787 nnaeiest
1297 4722 1493 4821 pereundum
1503 4744 1521 4799 ‚·
1538 4724 1736 4797 &uiolenta
1747 4730 1891 4823 partium

485 4810 650 4886 dissolutio
668 4814 700 4876 ἃ
727 4811 873 4884 diremtio
898 4737 1090 4883 subeunda.
1124 4814 1162 4884 ld
1186 4818 1276 4909 quod
1301 4817 1890 4918 eoricuslibne3·hoirore·,‘dilientioss

482 4932 549 4992 ae,
570 4908 773 5005 convulsione
790 4955 810 5007 ‚y
827 4926 996 5007 tamquam
1018 4916 1163 4986 extremis
1186 4916 1337 5010 prandiis
1345 4913 1470 4991 nstitit
1483 4919 1609 5015 'assequi
1629 4943 1638 4990 .
1659 4920 1779 4994 'Unde
1801 4935 1888 5017 patet

1784 5041 1837 5089 eos
