4534 5850
501 429 602 501 'ET
650 414 1446 497 EtHuMeRtDtJrutlu
1497 417 1544 486 1:
1650 422 1695 504 67

319 575 464 666 grumis,
488 582 568 669 quia
591 596 653 646 non
676 575 710 641 in
733 571 830 642 massa
853 565 1014 666 sanguinis
1038 575 1169 653 vitium,
1193 577 1229 646 &
1253 567 1334 646 labis
1354 565 1531 649 causaest,
1558 565 1608 642 sed
1634 561 1739 639 india

321 691 430 768 parte.
459 676 554 744 Unde
577 667 709 768 spiritus.
724 675 925 750 inficiuntur,
950 696 1015 741 non
1039 666 1165 766 sanguis
1190 667 1253 768 ipse
1274 672 1384 772 (quod
1399 678 1533 770 pertinet
1549 673 1590 739 ad
1608 658 1743 743 natuse-

320 769 408 840 stum
423 773 552 857 vitiun)
576 776 612 842 δι
629 765 676 839 ob
691 765 862 869 spirituum
878 767 1096 852 nutrimen,
1119 789 1176 839 aut
1195 772 1394 867 aliarumque
1404 772 1498 840 alium
1521 769 1742 844 assessionem»

321 871 368 939 ita
382 893 512 965 quoque
525 870 599 943 talis
612 888 670 939 out
681 872 753 943 talis
768 877 803 939 in
820 892 958 967 corpore
967 870 1054 940 color
1070 894 1088 943 a
1111 890 1218 966 paret.
1248 872 1416 942 Declarant
1430 877 1472 946 ii,
1495 875 1552 969 qui
1569 874 1679 941 animo
1686 867 1743 937 de-

320 970 447 1063 ficiunt,
470 989 526 1038 aut
547 966 638 1041 facile
651 965 881 1069 upukscune,
904 986 961 1040 aut
977 964 1074 1039 erube
1086 987 1179 1041 cunt·
1207 969 1332 1061 Magna
1348 973 1434 1039 enim
1450 973 1498 1038 vis
1510 961 1740 1064 estspirituun.

318 1068 360 1134 Et
375 1069 467 1160 quod
483 1069 618 1139 dicimus
634 1077 668 1138 in
684 1062 863 1145 viridibus,
883 1073 917 1141 δι
994 1068 1085 1147 lidis,
1111 1061 1403 1162 squallentibusque
1418 1060 1606 1161 corporibus
1627 1064 1741 1137 lauda

320 1156 415 1235 bilem
433 1168 555 1237 detrahi
569 1163 773 1260 sanguinem,
797 1167 881 1236 illud
914 1167 953 1240 de
1030 1167 1165 1260 intelligi
1203 1161 1274 1233 nerui
1292 1192 1325 1237 nr
1360 1214 1370 1243 ,
1403 1164 1575 1237 sscutrdum
1597 1158 1739 1259 aliquid',

318 1287 382 1332 non
397 1259 555 1335 absolute.
584 1269 674 1336 Nam
688 1273 837 1370 empyieis
853 1267 1046 1363 licepbaliea
1063 1272 1244 1363 aperiatur,
1268 1284 1339 1337 aut,
1351 1259 1495 1341 basilica,
1519 1257 1597 1359 supe
1606 1261 1739 1332 floridus

318 1366 352 1430 ἃ
366 1361 483 1450 &lule
508 1359 634 1456 unguis
646 1365 744 1444 fluit,
768 1366 791 1438 fi
814 1366 959 1439 mediana
982 1384 1090 1438 autem
1113 1359 1259 1440 secatur,
1292 1370 1372 1458 quia
1404 1366 1445 1433 de
1467 1382 1585 1459 parte,
1611 1367 1646 1429 in
1671 1378 1737 1454 qua

318 1462 433 1532 vitium
459 1464 566 1543 latet,
599 1467 686 1559 quod
710 1469 904 1561 compatiens
928 1467 1053 1561 corpori
1084 1457 1142 1533 soli
1165 1458 1409 1535 desedationem
1442 1463 1584 1555 aliquam
1614 1462 1737 1536 affere,

315 1554 440 1653 finguis
451 1563 612 1641 demitur,
632 1569 733 1660 putris
749 1569 783 1635 δι
799 1557 991 1633 illaudabilis
1009 1561 1075 1633 est.
1102 1555 1237 1631 Lienoso
1261 1563 1283 1632 st
1308 1560 1417 1630 finistri
1445 1554 1564 1633 brachii
1588 1583 1667 1630 vena
1691 1555 1735 1627 se-

315 1664 416 1727 riatur
432 1662 593 1756 cephalica
611 1685 669 1731 aut
683 1663 845 1739 madiam,
868 1656 1072 1734 vitiocarebit
1096 1653 1241 1752 sataguit,
1266 1653 1735 1745 sinbastllcaeiusdembraehiis

314 1760 394 1848 quia
418 1781 440 1825 a
465 1778 552 1854 parte
575 1761 685 1828 affeur
709 1761 800 1836 fluit,
823 1766 1011 1853 rapiturque
1030 1753 1177 1850 sanguis,
1202 1763 1390 1849 inquinatus
1412 1763 1487 1825 erit.
1512 1758 1544 1824 Si
1567 1755 1669 1825 eidem
1692 1752 1738 1827 fe·

314 1860 420 1923 riatur
432 1855 578 1925 dextrum
594 1852 777 1937 brachium,
801 1859 889 1926 nulla
902 1861 982 1927 sitii
993 1877 1071 1924 nota
1087 1846 1232 1948 saivgdni
1246 1852 1357 1925 inerit.
1382 1857 1415 1924 Si
1440 1854 1599 1952 parotidas
1611 1859 1735 1950 patien-

315 1958 363 2030 ti,
387 1973 446 2023 aut
460 1973 557 2055 caput
568 1951 727 2027 laboranti
747 1951 891 2025 demseris
914 1949 1119 2048 sangtrincm,
1145 1958 1170 2021 is
1188 1956 1303 2033 vitium
1317 1961 1528 2033 contraxerit,
1542 1953 1564 2021 fi
1580 1975 1617 2021 ex
1634 1949 1736 2027 basili-

315 2072 373 2134 ca,
396 2056 550 2122 immunis
561 2061 656 2127 etita
679 2056 791 2152 culpa.

364 2153 503 2238 Quoties
527 2176 583 2220 nos
606 2155 716 2222 docuit
738 2160 945 2248 experientia,
970 2154 1081 2223 multis
1105 2146 1308 2231 mulieribus,
1331 2154 1411 2222 dnm
1434 2156 1532 2221 animi
1557 2160 1654 2222 etlam
1664 2173 1739 2243 gra·

316 2254 381 2323 tia,
405 2243 507 2317 mense
532 2253 622 2337 Maio
647 2247 695 2319 sex
710 2247 888 2347 septemque
911 2249 1068 2345 sanguinis
1092 2247 1165 2325 vasa
1186 2253 1420 2329 detrahuntur,
1444 2274 1482 2319 ea
1501 2255 1588 2345 putri
1609 2245 1739 2343 sarrgui-

314 2368 355 2419 ne
380 2343 492 2416 referta
515 2348 587 2418 elle:
612 2351 634 2415 fi
659 2369 769 2419 autem
791 2372 809 2417 e
833 2343 964 2419 naribus
988 2352 1089 2430 fluat,
1112 2369 1169 2418 aut
1190 2343 1235 2418 ab
1259 2368 1370 2426 utero,
1393 2351 1474 2419 vitio
1497 2351 1653 2417 cariturus
1675 2343 1738 2418 est?

316 2445 353 2513 ln
370 2445 434 2513 hoc
458 2454 507 2518 -vis
530 2468 651 2518 natura
674 2450 815 2545 pellentis
837 2450 956 2519 elucet.
983 2448 1132 2519 Vidimus
1153 2453 1239 2519 enim
1263 2440 1338 2542 saepe
1352 2449 1485 2543 impuris
1507 2440 1737 2543 corporibus&

316 2539 559 2635 languentibus,
582 2571 688 2641 quum
712 2567 869 2644 corruptae
893 2551 1003 2634 majori
1026 2571 1063 2617 ex
1077 2564 1175 2643 parte
1198 2541 1355 2638 sanguinis
1387 2545 1487 2617 malsae
1520 2546 1656 2616 maxima
1685 2542 1737 2614 so·

315 2660 383 2711 rent
408 2646 550 2740 undique
567 2666 779 2741 argummta,
803 2648 923 2717 fluxisse
946 2640 1131 2739 sangtdnem
1154 2639 1367 2722 laudabilem,
1390 2644 1480 2737 quod
1497 2639 1736 2726 fatiscerent,ac

319 2741 506 2813 vacillarent
530 2750 628 2824 sires,
651 2739 770 2838 quibus
795 2746 903 2841 paullo
920 2745 988 2841 poll
1012 2737 1262 2836 resurgentibus,
1284 2744 1440 2816 dettas'tio
1463 2746 1579 2840 impuri
1605 2738 1734 2836 singui-

315 2843 363 2909 nis
387 2835 471 2913 fasta
495 2837 574 2909 firit.
600 2843 650 2913 Sic
674 2845 740 2914 fieri
766 2843 885 2939 potest,
909 2864 948 2913 ut
971 2847 1004 2913 in
1028 2837 1244 2923 decoloribus,
1271 2837 1460 2939 pallentibus
1485 2843 1520 2915 &
1544 2838 1733 2918 desoedatis,

314 2961 418 3035 qutun
436 2944 550 3009 inimo
565 2964 697 3040 corpore
716 2946 884 3040 impuritas
907 2938 1070 3035 sansguinis
1093 2942 1196 3012 multa
1220 2940 1391 3034 restagnet,
1422 2968 1458 3014 ac
1473 2935 1548 3015 reses
1569 2962 1695 3013 maneat
1721 2988 1732 3019 ,

314 3038 426 3108 affluat
450 3061 574 3136 parom
597 3065 676 3117 verra
698 3036 865 3114 laudabilis
887 3035 1027 3134 sarrgms,
1051 3048 1201 3138 impurus
1223 3060 1329 3110 autem
1352 3041 1624 3135 anticipentur,
1654 3044 1733 3133 quia

315 3138 394 3208 vires
418 3163 483 3206 non
507 3138 666 3212 constant.
690 3143 826 3214 Certum
850 3161 958 3215 autem
980 3140 1080 3215 estin
1103 3133 1480 3237 impuritatesmgoinis‚
1514 3142 1548 3209 δι
1580 3134 1731 3209 viscerum
1841 3204 1851 3226 ,

313 3230 421 3305 robur
440 3241 582 3315 virium,
607 3245 642 3309 δι
665 3263 838 3312 nervorum
862 3265 930 3308 non
954 3241 1035 3335 polle
1058 3238 1167 3312 stare.
1197 3241 1251 3314 Ne
1275 3246 1393 3312 mirum
1415 3242 1525 3329 itaque
1548 3237 1608 3314 fit,
1641 3237 1733 3307 ssim·

312 3336 487 3430 puritatem
501 3355 612 3406 mtura
635 3339 761 3406 infirma
777 3361 845 3405 non
859 3337 1013 3431 expellatc
1037 3337 1185 3407 eratne
1198 3340 1235 3410 in
1255 3338 1362 3406 multis
1384 3329 1656 3434 expallesoentibus
1679 3331 1732 3403 sr-

311 3453 355 3533 pc
379 3423 506 3520 sangaris
531 3430 647 3498 crudus
667 3431 734 3507 est,
759 3437 795 3502 δι
818 3426 1005 3527 pituitosus,
1034 3435 1070 3500 dt
1095 3427 1187 3498 infra
1218 3429 1394 3502 coffionen
1427 3431 1563 3531 positus:
1595 3440 1733 3502 mutatio

310 3546 422 3602 autem
447 3522 606 3623 linguinis
627 3531 771 3625 pituitosr
793 3528 853 3606 cll,
873 3549 918 3601 ut
939 3522 981 3597 ab
1004 3551 1070 3597 uno
1092 3527 1216 3625 puniit)
1238 3526 1278 3596 ad
1305 3528 1392 3600 aliud
1418 3548 1582 3602 moveatur
1599 3552 1655 3626 per
1678 3554 1734 3600 co-

312 3626 474 3705 itionem,
496 3650 535 3698 ex
558 3622 790 3727 pituitesocnte,
815 3634 850 3702 δι
873 3629 963 3800 qqqfi
985 3622 1154 3698 albescente
1178 3622 1325 3718 sanguine
1354 3629 1389 3698 lit
1414 3623 1663 3706 floridiusculus,
1686 3633 1732 3702 ait

312 3728 469 3805 Gahtuss
492 3747 601 3800 contra
624 3751 730 3821 quum
752 3734 818 3818 iam
842 3752 882 3803 ru
944 3774 955 3809 ,
979 3732 1015 3802 δι
1038 3734 1178 3798 mutatio
1200 3728 1373 3819 corningit,
1395 3729 1438 3798 ad
1453 3729 1645 3822 nigredinem
1662 3749 1732 3800 ten-

311 3825 380 3894 dit.
406 3825 506 3893 Etsrc
525 3830 559 3896 in
581 3828 665 3900 aliis
690 3828 1276 3926 itaque-minam·rres1t,s1-in·iis.
1306 3831 1339 3900 ul
1361 3851 1384 3919 q

310 3917 432 4000 farcidii
451 3920 619 4003 laborant,
641 3926 721 3999 dum
734 3930 873 4022 aperitur
890 3949 988 4003 serta,
1017 3923 1186 3996 floridulus
1197 3930 1235 4002 ile
1252 3850 1367 3998 nibet»
1390 3926 1502 3998 visitur
1522 3974 1534 3997 .
1721 3985 1723 3990 ,

363 4024 522 4121 Praecipua
546 4047 624 4096 ναο
647 4019 739 4094 causa
764 4025 859 4114 husius
881 4032 948 4108 rei,-
967 4046 1072 4118 quun
1096 4032 1267 4121 quaerimus
1290 4024 1463 4106 boeloco,
1487 4048 1546 4096 eur
1567 4029 1601 4094 in
1624 4025 1734 4096 cache-

312 4121 419 4201 auis,
445 4131 479 4194 ἃ
505 4119 703 4218 &uulpem
728 4128 763 4193 δι
786 4126 979 4216 caoochynris
994 4119 1118 4220 pertusa
1139 4146 1216 4195 vena
1240 4116 1428 4213 srarrguim·
1446 4124 1644 4220 inculpatum
1658 4148 1729 4196 cru*

311 4221 397 4298 star,
420 4245 456 4299 sa
479 4224 537 4299 elie
560 4221 740 4303 statuenda,
764 4221 824 4302 ert,
845 4225 936 4317 quod
961 4224 1049 4296 color.
1072 4247 1137 4297 non
1161 4217 1322 4296 efflorescit
1334 4223 1412 4294 talis
1423 4243 1483 4294 aur
1498 4225 1571 4295 talis
1592 4225 1732 4317 (utqui-

312 4322 391 4390 dam
408 4323 490 4392 male
504 4323 656 4405 credunt)
681 4346 739 4418 pm
762 4329 900 4400 ratione,
923 4325 960 4392 ἃ
984 4343 1098 4393 natura
1122 4323 1297 4395 humorum
1320 4328 1356 4392 in
1380 4325 1470 4394 venit
1488 4342 1730 4400 contentorum,

314 4426 349 4489 δι
365 4427 424 4513 qui
448 4415 505 4491 suo
540 4421 708 4516 conrplexu
730 4420 1546 4519 quatuor.ltumores‚÷compirltcndu1t.ae‚:Tamctst
1574 4429 1660 4491 enim
1696 4419 1731 4490 nl

312 4514 503 4593 emmila
529 4520 595 4586 κατ’
614 4512 727 4593 (zoili
748 4522 837 4598 ,·..in'.-
857 4520 920 4596 illis
941 4521 1094 4597 ‹licarteun
1107 4518 1183 4608 elle,
1198 4539 1311 4614 quum
1330 4513 1427 4596 bilis,
1449 4542 1523 4612 qnae
1546 4526 1580 4589 in
1603 4505 1730 4591 sudvt‘-

311 4615 411 4690 fictiia
428 4617 490 4704 est,
514 4637 571 4688 aut
593 4611 693 4694 alibi.
717 4620 851 4714 pinna,
869 4642 950 4711 qua
970 4621 1087 4688 circuni
1112 4618 1332 4690 mantulum:
1348 4613 1679 4695 succus-secubitus,
1694 4628 1729 4686 in

271 4735 277 4748 ·
314 4717 419 4794 liene,
441 4736 497 4784 aut
518 4712 634 4789 alimbi
660 4719 754 4795 latet,
776 4718 926 4790 dicuntur
951 4718 1100 4786 hunnos
1120 4734 1266 4809 quatuor
1294 4721 1541 4788 sucronensitios
1561 4716 1694 4785 sluttere
1718 4740 1739 4792 ,‘

279 4804 296 4820 ''
308 4816 375 4909 qui
395 4806 618 4890 dommine
644 4810 874 4887 dicunturmvl
887 4832 933 4881 ru·
948 4819 992 4885 Et
1007 4838 1113 4908 quum
1121 4807 1537 4891 moderansuntlnmores,
1563 4832 1634 4883 turn
1667 4816 1728 4899 qui

315 4921 355 4992 lu
379 4915 466 4992 renis
488 4906 579 5011 surr,
603 4919 638 4985 dt
661 4936 731 4985 vere
754 4912 872 4986 faciunt
896 4913 1075 5010 plethorarn
1100 4909 1268 5083 αάγειῖῑιέ
1282 4918 1316 4982 &
1339 4912 1497 4988 adrastus
1516 4927 1736 5070 qlqeumtexnff

369 5035 379 5060 ·
1318 5034 1340 5076 a.
1579 5024 1633 5068 ran
1671 5044 1686 5079 ,

1386 3823 1617 3924 urdarnspeeie
1630 3828 1734 3930 hypo·
1851 3897 1859 3906 .
