4534 5850
595 477 1003 568 ruuoeuunsrt
1028 474 1099 550 uu
1126 472 1479 556 vantsumu.
1635 504 1721 579 ..²92

838 621 1476 731 nuernnrxw‚,·

620 772 1479 859 ,narruxoarrraonmn

605 967 647 1044 ἀ
663 967 705 1043 de
719 990 847 1065 corpore
864 969 950 1064 qaod
967 969 1003 1039 in
1018 963 1157 1042 Cerelro
1181 969 1336 1055 »lamiis
1353 977 1501 1047 dicitur?

347 1147 351 1153 ’
530 1148 773 1222 UONIAM
798 1148 940 1219 diximus
965 1152 1148 1247 primariam
1166 1155 1351 1243 vertiginem
1371 1149 1485 1222 affcuo
1507 1149 1634 1224 cerebro
1656 1157 1764 1226 multd

546 1252 734 1318 deteriorem
750 1271 788 1318 ea
811 1271 886 1344 quae
903 1249 940 1318 sit
964 1272 1002 1317 ex
1014 1243 1293 1344 consensusquam
1312 1249 1513 1348 posteriorem
1527 1252 1765 1350 Theophrastus
1880 1302 1885 1313 ι

547 1338 645 1419 deseri
669 1346 734 1434 stt)
758 1352 793 1416 in
810 1370 847 1418 ea
871 1343 933 1417 suit
948 1353 1085 1420 maxime
1108 1343 1342 1420 laborandum.
1369 1352 1400 1421 Si
1415 1355 1613 1449 intemperies
1627 1352 1768 1422 calidain'

581 1467 648 1517 cere
688 1470 728 1526 0,
750 1446 955 1541 liquationem
971 1446 1066 1530 facit,
1090 1449 1242 1519 humores
1266 1444 1454 1520 utriusculos
1470 1452 1593 1530 reddit,
1617 1467 1769 1521 extenuat

343 1554 381 1620 ἃ
401 1545 493 1642 quafi
516 1551 552 1614 in
582 1541 739 1618 servorem
766 1550 801 1617 &
815 1541 957 1617 sutorem
984 1551 1084 1644 agit:
1119 1549 1152 1619 Si
1169 1545 1295 1642 frigida.
1322 1551 1510 1621 cruditatem
1545 1554 1661 1648 parit,
1696 1549 1770 1619 inde

342 1663 538 1744 proventum
561 1644 732 1715 craslorum
756 1668 936 1742 vaporum,
961 1665 1002 1715 ut
1025 1650 1058 1716 in
1084 1647 1178 1719 viridi
1202 1649 1290 1742 ligno
1309 1649 1458 1728 ardente,
1482 1655 1542 1743 qui
1568 1673 1623 1747 pcr
1642 1651 1771 1719 arterias

342 1754 379 1816 in
403 1751 575 1815 anteriores
602 1744 793 1816 ventriculos
818 1740 936 1814 cerebri
962 1763 1104 1843 repentes
1129 1749 1164 1816 &
1190 1753 1275 1820 exitu
1295 1741 1485 1844 prohibiti,
1520 1768 1559 1817 ut
1583 1751 1616 1816 in
1641 1741 1778 1816 chbano

343 1850 632 1936 circumaguntur,
656 1847 691 1912 &
715 1836 925 1913 turbulentos
958 1866 1067 1913 motus
1092 1847 1263 1916 conciunt.
1292 1846 1329 1912 ld
1347 1849 1384 1915 fit
1408 1849 1442 1915 in
1466 1867 1504 1913 eo
1527 1867 1659 1943 corpore
1679 1844 1774 1939 quod

344 1936 501 2023 402ch
531 1941 678 2020 dicitur,
714 1962 971 2014 concameratum
992 1949 1027 2014 δι
1051 1939 1269 2013 fornicatum.
1297 1941 1348 2014 Est
1373 1963 1481 2014 autem
1507 1967 1635 2043 corpus¹
1649 1944 1772 2014 durum

345 2033 451 2107 tribus
475 2057 514 2108 ut
531 2041 646 2109 arculis
671 2043 849 2113 conflatum
875 2043 1020 2112 medium
1032 2036 1163 2115 Cerebri
1189 2043 1402 2116 ventriculum
1427 2038 1594 2122 sustinens,
1613 2046 1650 2112 fit
1667 2066 1704 2112 ex
1720 2043 1770 2110 in·

341 2137 460 2208 durata
489 2134 620 2209 Cerebri
645 2133 845 2222 substantia,
880 2146 992 2241 incipit
1015 2165 1035 2212 a
1060 2145 1122 2212 fine
1147 2146 1287 2239 corporis
1304 2144 1408 2213 callosi
1424 2143 1515 2237 quod
1541 2135 1696 2215 crunctis,
1720 2141 1771 2209 di·

345 2256 445 2314 cunt,
471 2233 583 2305 fornici
610 2236 707 2305 fimile
734 2239 778 2308 est
797 2265 836 2310 ne
861 2242 985 2310 medius
1010 2243 1204 2315 ventriculus
1224 2243 1396 2312 concidat.
1424 2246 1471 2311 At
1504 2245 1537 2310 in
1562 2261 1702 2309 marcore
1723 2250 1776 2308 ced

346 2326 435 2403 rebri
460 2338 495 2402 δι
513 2331 733 2406 eonsumrione
761 2364 862 2434 quam
890 2343 1045 2438 Hippocr.
1072 2357 1167 2411 vocat
1186 2335 1355 2419 cirninum,
1379 2344 1453 2433 quis
1475 2332 1603 2408 dubitat
1625 2338 1707 2430 quin
1732 2335 1776 2405 il-

346 2432 407 2501 lud
435 2456 552 2531 eorpus
576 2428 683 2503 labet?
708 2439 796 2507 Hinc
815 2445 959 2532 vertigo,
987 2438 1062 2506 hine
1093 2439 1301 2536 Apoplexia,
1326 2433 1375 2506 sed
1399 2435 1442 2508 esi
1470 2439 1580 2534 plexus
1605 2432 1776 2511 retisormis

344 2530 612 2601 considerandus.
642 2534 801 2607 Austores
826 2542 910 2607 enim
930 2539 1042 2606 dicunt
1059 2541 1222 2629 vertiginis
1245 2529 1373 2605 caulam
1394 2543 1576 2634 proximam
1594 2553 1775 2606 tenuemus

343 2631 483 2700 calidum
504 2654 657 2727 vaporem
683 2656 738 2729 per
764 2639 894 2703 arterias
919 2641 951 2702 in
972 2629 1088 2705 cerebri
1115 2655 1239 2705 ventres
1260 2655 1417 2732 repentem
1445 2639 1503 2728 qui
1529 2637 1563 2701 in
1578 2634 1673 2729 plexu
1699 2635 1776 2702 retis

344 2724 445 2797 sormi
472 2729 625 2796 humores
649 2735 829 2822 exagitans,
854 2726 955 2802 sensus
979 2737 1013 2799 &
1037 2753 1146 2802 motus
1166 2727 1370 2802 turbulentos
1387 2738 1466 2802 ciet.
1492 2736 1562 2806 Nec
1588 2727 1703 2802 sufficit
1727 2724 1774 2800 es

344 2820 375 2895 se
399 2845 531 2894 tenuem
544 2826 734 2896 &calidum
759 2825 926 2924 spiritum,
953 2828 1062 2899 Galen.
1082 2836 1116 2898 &
1134 2831 1296 2927 Theophr.
1320 2832 1545 2904 humiditatem
1567 2826 1775 2927 nescioquam

347 2927 534 3020 requirit&
559 2921 704 3023 spiritum
731 2928 862 2997 crassum
881 2933 914 2996 ἃ
941 2922 1168 3016 caliginosum.
1198 2929 1294 2995 Unde
1320 2924 1405 2997 Ebrii
1422 2937 1503 2999 fiunt
1530 2932 1710 3022 vertiginosi
1727 2924 1775 2999 ob

343 3046 397 3095 eos
417 3047 553 3121 vapores
576 3024 688 3094 crassos
714 3021 892 3097 illustribus
909 3018 1070 3124 spiritibus
1094 3023 1287 3092 officientes.
1315 3021 1434 3093 Et'ubi
1457 3028 1557 3096 calida
1586 3027 1630 3095 est
1656 3034 1770 3097 hirem-

345 3128 443 3222 peries
462 3147 540 3194 cum
564 3126 673 3220 aliqua
691 3132 831 3221 partium
859 3127 1069 3214 adiacentium
1096 3125 1278 3220 intemperie
1299 3119 1432 3216 frigida,
1457 3119 1694 3220 proventusque
1710 3125 1775 3195 hu·

345 3230 445 3307 moris
465 3226 665 3318 inaequaliter
683 3230 850 3324 praeparati
861 3273 873 3305 ,
896 3229 947 3295 hic
964 3226 1002 3295 lit
1019 3219 1105 3297 sutile
1126 3220 1250 3315 fuligo,
1265 3214 1387 3300 nubes,
1412 3224 1497 3297 unde
1513 3241 1620 3291 motus
1641 3220 1775 3292 aestuans

345 3327 380 3394 δι
401 3316 636 3399 turbulentus,
662 3327 735 3394 inde
752 3330 895 3417 vertigo.
923 3327 1073 3393 Diximus
1094 3326 1178 3390 enim
1199 3340 1270 3390 tum
1290 3328 1427 3391 maxime
1444 3326 1521 3391 oriri
1538 3345 1643 3416 quum
1670 3325 1704 3391 δι
1724 3342 1775 3391 ee·

344 3414 483 3494 rebeum
501 3420 864 3514 inaequaliternffcaum
883 3420 947 3498 est,
972 3426 1007 3490 &
1026 3424 1157 3488 materia
1165 3421 1356 3513 inequaliter
1375 3420 1509 3498 uiscera,
1533 3439 1695 3497 comtum,
1719 3421 1775 3488 ora·

348 3538 532 3614 natumque
548 3537 671 3590 nature
692 3522 858 3591 &caloris
881 3519 1081 3591 efficientiam
1100 3516 1297 3587 nonnasia.
1326 3514 1510 3588 Ubi-enim
1535 3521 1690 3588 infirmior
1721 3530 1778 3587 cad

347 3619 398 3687 lor
416 3616 460 3687 est
478 3622 512 3685 &
531 3619 651 3688 crudus
673 3611 796 3701 succus,
821 3623 895 3690 hinc
920 3621 1083 3710 vertiginis
1103 3618 1243 3688 occasio.
1271 3616 1421 3687 Ceterum
1442 3618 1564 3687 humor
1592 3612 1775 3715 &spiritus

350 3740 368 3788 e
393 3739 511 3811 genere
526 3712 600 3787 suut
624 3716 817 3791 fluentium.
844 3724 906 3791 His
930 3724 1026 3788 motis
1043 3742 1159 3815 corpus
1183 3738 1420 3788 commovetur.
1448 3720 1596 3787 Diximus
1620 3737 1775 3785 antemu-

348 3823 435 3886 xime
453 3813 595 3887 austrina
612 3819 836 3890 constitutione
850 3813 895 3887 ob
912 3816 1018 3888 summ
1034 3820 1067 3884 &
1085 3818 1237 3887 humores
1249 3811 1436 3910 caliginosos
1462 3840 1537 3887 eum
1551 3816 1701 3887 affedium
1718 3836 1776 3884 na·

349 3908 409 3986 sci.
436 3916 477 3983 Et
494 3914 664 3987 humorem
684 3921 956 3988 excrementitium
971 3918 1011 3986 ad
1030 3939 1101 3986 eam
1126 3937 1313 4000 concurrere
1330 3917 1539 4009 generandam
1560 3963 1572 3993 ,
1597 3918 1628 3981 &
1653 3936 1690 3982 cx
1710 3915 1776 3983 Ga·

346 4012 409 4085 leni
428 4014 496 4084 fieri
511 4032 604 4103 mota
619 4014 814 4087 humiditate
838 4041 915 4085 cum
940 4014 1037 4085 crasso
1056 4007 1191 4112 spiritu,
1217 4017 1275 4108 qui
1293 4034 1409 4083 namra
1422 4010 1514 4084 debet
1537 4014 1593 4083 elle
1617 4012 1774 4107 limpidus

346 4117 381 4181 &
401 4108 555 4184 illustris.
583 4115 620 4181 ld
647 4118 680 4184 in
701 4112 870 4188 suffusione
891 4134 996 4213 paret.
1022 4115 1080 4183 Vis
1100 4117 1185 4182 enim
1205 4107 1363 4182 luminosa
1388 4113 1472 4183 oculi
1490 4136 1509 4183 a
1533 4111 1633 4183 erario
1650 4134 1769 4207 vapore

347 4210 584 4313 praestringitur
601 4214 634 4279 ἃ
654 4210 841 4289 hebetatur.
866 4217 1005 4313 Spiritus
1025 4215 1131 4311 primo
1149 4211 1300 4309 impellit.
1328 4215 1459 4283 Humor
1484 4206 1682 4286 {labiisnon
1701 4207 1745 4279 est
1761 4257 1771 4278 .

347 4314 386 4383 Et
403 4314 484 4407 quia
509 4307 569 4383 suo
593 4318 732 4386 termino
751 4343 817 4387 non
833 4318 1035 4391 continetur,
1061 4308 1205 4411 spiritum
1225 4331 1281 4383 aut
1299 4305 1469 4406 sequitur,
1494 4332 1550 4383 aut
1571 4312 1738 4383 antevertit
1762 4329 1776 4377 .·

349 4410 457 4482 Mirus
476 4410 520 4482 esi
545 4412 633 4480 locus
653 4415 741 4513 apud
766 4419 924 4513 Hippocr.
942 4417 996 4484 -Dc
1030 4412 1238 4498 incommodis
1262 4430 1318 4483 aut
1342 4412 1518 4482 commodis
1552 4407 1677 4509 spiritus
1702 4428 1838 4530 cor-H

349 4515 510 4609 porei-aut
535 4534 601 4582 non
628 4518 775 4611 corporei
793 4559 808 4594 ,Ι
829 4512 932 4591 idest,
957 4510 1083 4582 etherei
1101 4536 1179 4581 nouv
1193 4513 1357 4607 corporei,
1382 4514 1415 4576 δι
1437 4534 1513 4579 cum
1536 4534 1628 4580 earne
1653 4512 1686 4577 &
1705 4505 1774 4577 sctn-
1782 4491 1871 4616 miris
1885 4482 1921 4542 λ’

397 4612 448 4691 Ιἰιι
469 4635 626 4706 magnum
641 4614 866 4686 commercium
886 4637 952 4681 non
970 4602 1115 4690 habentis
1136 4655 1147 4687 ,
1166 4609 1258 4693 unde
1277 4610 1386 4702 plexus
1411 4606 1577 4690 retisor'mis
1602 4634 1621 4679 a
1654 4626 1773 4690 natura
1775 4641 1874 4717 sm

347 4630 604 4781 arefastus&
619 4714 782 4790 utexasle
801 4705 981 4787 elaboretur
1003 4702 1132 4804 spiritus
1146 4707 1289 4791 animalis
1319 4727 1486 4803 repurgata
1513 4712 1607 4777 omni
1632 4705 1703 4777 sace
1734 4711 1771 4776 δι

349 4827 474 4879 terrena
495 4800 683 4893 substantia.
708 4820 751 4896 Et
768 4810 822 4884 ille
845 4806 974 4910 spiritus
991 4809 1036 4877 ira
1052 4805 1179 4877 exasius
1200 4804 1248 4874 ad·
1261 4801 1443 4903 sapientiam
1459 4804 1532 4889 satit
1558 4832 1627 4897 non
1650 4801 1772 4876 habens

341 4900 429 4989 -μῖξιι
457 4953 469 4987 ,
503 4911 535 4975 &
556 4918 814 4984 communionem
832 4931 906 4982 cum
927 4931 1076 5006 corpore.
1101 4910 1216 4977 Homo
1233 4912 1319 5002 enim
1336 4907 1521 5004 prudentior
1543 4904 1588 4977 est
1607 4910 1638 4973 ἃ
1660 4907 1772 4996 exqui-

348 5008 455 5088 sitior,
481 5003 591 5108 spiritu
614 5003 739 5105 heinmo
754 5003 921 5086 elaborato
943 5028 983 5081 ut
1008 5007 1165 5104 quiequid
1195 5012 1363 5105 impurum
1393 5010 1426 5076 &
1453 5022 1643 5173 corporeurp
1668 5022 1772 5074 extra·

1225 5143 1240 5159 =
1637 5119 1713 5172 atur
