4534 5850
503 464 579 541 '344
779 439 1598 534 ourrnnrrnnrrourr

452 602 477 676 3,
500 594 523 659 sr
539 598 574 657 in
591 601 677 685 parre
695 603 849 667 manent,
872 582 1038 659 laborante
1052 577 1198 655 membro
1214 577 1408 660 fortissimo,
1434 581 1596 676 reliquum
1609 598 1726 677 corpus
1741 553 1877 655 turbari
1928 654 1930 658 ,

452 735 477 772 ,,
500 687 543 758 eli
567 685 701 756 neeesse.
726 689 836 775 Hujus
857 691 901 756 rei
925 687 1022 756 sidem
1046 681 1120 754 sicit
1144 685 1232 755 varia
1256 685 1337 752 ratio
1368 681 1544 751 intereundi
1576 683 1609 748 in
1633 673 1759 750 senibus
1782 685 1876 754 vietis

451 791 489 858 dc
505 783 646 862 defessis,
670 791 705 854 &
721 789 753 852 in
761 781 942 874 junioribus
950 807 1096 880 quorum
1113 786 1216 855 virtus
1223 779 1267 852 est
1291 804 1423 853 vernans
1440 786 1476 851 &
1498 772 1653 848 mascula.
1681 781 1877 880 Exemplum

452 885 652 983 propositum
660 880 704 950 est
719 884 757 952 de
774 880 966 956 animalibus
982 907 1056 978 quae
1071 883 1280 978 jugulantur,
1304 902 1440 976 quaeque
1461 873 1589 957 subito,
1613 877 1701 948 nulla
1710 882 1878 978 praegressa

451 984 615 1054 asiedione
638 1005 710 1074 quae
734 984 816 1052 vires
840 986 1019 1062 minuerit,
1043 992 1231 1052 intereunt.
1258 983 1374 1050 Morus
1397 978 1621 1051 contractionis
1647 983 1683 1048 &
1709 974 1876 1068 cujusdam

451 1081 661 1155 convulsionis
683 1098 869 1176 apparent,
902 1102 1072 1177 tamquam
1096 1083 1212 1150 indicia
1236 1098 1357 1149 natura:
1380 1100 1497 1146 manus
1528 1078 1601 1148 dare
1634 1078 1806 1156 nolentis,
1840 1085 1877 1152 δε

452 1203 535 1273 agre
559 1173 607 1247 sui
632 1177 866 1250 dissolutionem
890 1179 1030 1252 serentis.
1057 1183 1094 1248 ln
1120 1173 1311 1250 animalibus
1334 1201 1409 1273 quae
1434 1170 1550 1245 morbo
1573 1171 1718 1246 consessa
1734 1172 1857 1249 obeunt
1865 1186 1884 1259 ,“

314 1322 324 1333 -
452 1279 488 1351 id
506 1302 572 1346 non
590 1281 744 1347 cernitur.
772 1282 890 1369 Quum
904 1285 990 1351 enim
1011 1285 1086 1354 vitae
1104 1278 1318 1350 nostraefilum
1330 1270 1479 1346 bifariam
1487 1277 1691 1357 concidatur,
1716 1297 1775 1346 aut
1790 1274 1874 1362 sato,

456 1396 518 1448 nur
540 1370 613 1446 cafir
629 1423 643 1456 ‚
666 1373 769 1458 satum
789 1378 800 1461 (
824 1375 983 1468 ιἰμιρμάιι
992 1381 1136 1458 Graecis,
1160 1385 1195 1448 sir
1213 1375 1439 1450 Demosthenes
1457 1380 1549 1448 vocat
1572 1377 1631 1438 sal
1649 1370 1815 1463 ἁμαρμίιις
1829 1371 1878 1443 sei

458 1498 535 1541 ram
559 1475 649 1570 quod
674 1477 854 1546 notandum
884 1476 965 1564 est)
994 1482 1027 1547 in
1061 1482 1253 1577 perennitate
1284 1476 1406 1548 effluvii
1430 1476 1559 1574 triplicis
1594 1468 1777 1546 substantia
1804 1499 1878 1545 con·

457 1571 611 1651 siituunt,
637 1576 721 1644 unde
747 1572 852 1645 fatalis
878 1577 1027 1672 quaedam
1054 1578 1217 1647 moriundi
1241 1575 1423 1655 necessitas,
1448 1596 1486 1646 ur
1503 1576 1663 1664 eleganter
1686 1568 1877 1662 r'A'rspoarre

455 1667 626 1756 ἆμαρμῖικ
643 1673 798 1753 dicatur,
834 1671 901 1744 saro
928 1677 1070 1748 decretus
1088 1681 1124 1748 δι
1142 1675 1330 1771 assignatus.
1357 1670 1458 1746 Casus
1475 1693 1583 1745 autem
1601 1678 1673 1745 invi
1682 1696 1716 1743 ae
1731 1675 1877 1770 potentia

454 1790 563 1838 rerum
591 1767 778 1843 extrinsecus
802 1775 1039 1850 incidentium,
1063 1779 1098 1847 in
1121 1777 1196 1846 coeli
1219 1769 1336 1846 morbo
1361 1823 1374 1855 ,
1398 1798 1435 1845 ac
1465 1775 1564 1843 diaetae
1588 1776 1698 1853 vitio,
1719 1767 1878 1841 consistit.

454 1868 504 1941 At
520 1873 621 1957 major
638 1872 787 1965 quadam
802 1875 848 1943 vis
865 1877 898 1942 in
914 1897 950 1945 ee
960 1874 1161 1946 dissolutione
1176 1870 1329 1971 quaecasu
1338 1878 1498 1968 contingit
1506 1870 1750 1971 saepecernitur‚
1775 1892 1879 1966 quam

454 1967 489 2039 in
503 1990 539 2035 ea
557 1990 657 2061 quam
680 1967 788 2040 fatalis
812 1975 903 2042 affert
914 1973 1089 2044 necessitas.
1116 1977 1188 2045 Sine
1213 1970 1303 2045 sensu
1325 1999 1360 2046 ac
1388 1975 1498 2043 dolote
1522 1972 1697 2068 aliquando
1719 1972 1882 2062 contingit

290 2128 296 2143 ,
388 2124 390 2129 .
453 2065 614 2134 dissolutio
656 2071 871 2155 Quiauteme
888 2077 998 2171 capitis
1016 2075 1147 2146 vulnere
1164 2078 1338 2156 intereunt,
1362 2067 1505 2144 febribus
1522 2067 1884 2170 symptomaticisimpli·

452 2184 570 2233 eantur
588 2190 597 2233 ε
622 2165 672 2237 hae
687 2175 722 2236 in
739 2170 809 2237 aliis
826 2169 1047 2243 assedionibus
1062 2176 1196 2245 terrifica
1213 2200 1278 2244 non
1294 2167 1410 2247 habent
1431 2169 1668 2272 symptomata,
1692 2187 1726 2238 at
1747 2169 1882 2237 nonita

449 2263 488 2334 in
504 2258 689 2337 vulneribus
704 2272 845 2366 capitis.
872 2273 1014 2358 Quoties
1038 2276 1124 2343 enirn
1151 2270 1321 2347 nervosum
1347 2296 1446 2368 genus
1470 2266 1698 2364 cerebrumque
1720 2263 1885 2342 afficitur,

449 2362 673 2445 ,deliriorum‚
698 2368 943 2442 convulfionum
972 2393 1225 2468 ,tremorumqs
1250 2393 1353 2444 metus
1375 2371 1432 2443 esse
1453 2367 1545 2442 solet.
1573 2371 1701 2463 Magna
1726 2369 1814 2437 enirn
1842 2361 1883 2433 eli

456 2462 503 2535 vis
521 2457 639 2572 cerebri
659 2513 670 2544 ,
692 2461 888 2539 admirabilis
910 2471 1048 2543 Naturae
1074 2476 1106 2542 in
1133 2498 1173 2543 eo
1198 2472 1435 2545 architediando
1460 2465 1611 2539 sollertia.
1637 2473 1761 2559 ltaque
1784 2485 1884 2557 quum

451 2555 708 2730 uirilis
722 2570 918 2758 irrisis
936 2563 1885 2733 ,sitiri-elzlsasusssuarusss

459 2764 574 2826 mortis
598 2764 632 2830 δι
656 2760 864 2831 dissolutionis
887 2768 1046 2858 impetum
1070 2763 1103 2825 δι
1129 2762 1239 2851 quoad
1263 2765 1329 2845 ejus
1352 2759 1420 2827 fieri
1444 2755 1545 2852 potesl
1569 2749 1700 2825 obfistat
1725 2806 1737 2828 .
1771 2760 1775 2767 '

504 2859 545 2924 Er
571 2875 609 2924 ut
632 2859 758 2935 randena
777 2852 929 2927 scribendi
954 2858 1254 2954 commentandique
1268 2859 1339 2928 sinis
1360 2861 1394 2928 δι
1411 2855 1525 2925 modus
1546 2855 1585 2924 sit
1602 2856 1747 2952 aliquis,
1773 2879 1881 2929 omnes

453 2978 507 3027 eos
530 2948 652 3050 quibus
675 2955 778 3026 noster
801 2949 932 3025 desudat
956 2952 1048 3026 labor
1073 2980 1225 3051 rogamus
1255 2975 1294 3027 ut
1328 2956 1394 3029 haec
1426 2958 1535 3027 omnia
1567 2950 1645 3025 boni
1679 2954 1883 3032 consulant.

453 3057 535 3128 Non
553 3075 620 3124 tam
649 3047 967 3137 vindemiandas,
1025 3079 1101 3126 uam
1120 3049 1283 3135 mnino,
1307 3057 1340 3124 id
1372 3055 1531 3151 quicquid
1557 3053 1602 3124 est
1626 3058 1886 3128 concludendum

453 3148 535 3223 suit.
558 3153 730 3223 Rationem
750 3155 845 3239 hujus
869 3161 914 3224 rei
938 3178 977 3253 pr
1034 3159 1081 3225 tio
1104 3155 1264 3253 praetulit.
1290 3155 1323 3226 Si
1346 3154 1612 3251 quaeredundant
1630 3160 1663 3226 δι
1683 3157 1878 3238 luxuriant,

450 3262 491 3321 'ea
516 3250 586 3319 stilo
610 3247 683 3321 sunt
707 3247 894 3420 depascenda
919 3277 956 3323 ac
980 3256 1172 3328 reuocanda.
1200 3254 1311 3327 Multa
1334 3252 1407 3326 sunt
1440 3249 1603 3353 disputata
1625 3257 1877 3349 animi-gratia,

449 3373 523 3424 ,non
549 3348 616 3417 ulla
640 3349 680 3419 de
703 3373 749 3417 no
771 3354 797 3419 is
819 3371 968 3450 correepta
993 3358 1155 3454 opinione.
1185 3352 1297 3424 Multa
1322 3354 1372 3424 hic
1401 3348 1465 3426 solis
1488 3357 1638 3425 nituntur
1667 3354 1882 3450 comestum.

454 3449 564 3517 Ιωιηο
586 3449 781 3531 effecimus,
815 3470 854 3520 ut
879 3450 990 3523 nolirae
1014 3454 1203 3544 conjesiurae
1226 3451 1309 3542 julio
1332 3454 1454 3524 militia·
1479 3448 1672 3525 sacramento
1695 3476 1771 3526 cum
1797 3446 1899 3528 sanlsr

454 3551 493 3620 ,δι
510 3553 667 3639 germanis
686 3544 863 3620 rationibus
879 3556 1122 3623 contenderent.
1148 3559 1183 3623 ln
1202 3576 1235 3623 re
1250 3558 1333 3624 enirn
1357 3553 1527 3627 difficili&
1555 3547 1679 3624 lubrica
1702 3602 1713 3633 ,
1748 3558 1783 3623 δι
1805 3551 1881 3647 quc

458 3663 512 3711 sot
536 3648 675 3716 eruditos
700 3648 788 3731 male.
805 3646 924 3720 habuit
949 3652 1101 3724 hedenus
1123 3654 1157 3719 δι
1192 3658 1329 3723 exercuit
1349 3702 1360 3733 ,
1383 3653 1513 3728 difficile
1542 3650 1587 3723 est
1616 3651 1719 3722 surim
1753 3651 1879 3745 aliquid

450 3739 608 3813 statuere.
637 3746 682 3819 At
704 3750 845 3816 oratione
869 3750 1000 3821 limatur
1025 3755 1153 3825 emitas.
1180 3754 1220 3820 Er
1244 3753 1317 3838 licet
1334 3753 1439 3823 multa
1462 3754 1612 3849 sintquae
1634 3756 1668 3821 in
1692 3750 1780 3821 illam
1806 3770 1880 3848 par-

454 3857 521 3913 tem
546 3844 676 3918 trahant
700 3890 712 3923 ,
736 3848 829 3943 plura
853 3840 926 3917 sunt
949 3855 1023 3944 quar
1045 3858 1081 3920 in
1105 3843 1301 3923 contrariam
1321 3870 1503 3925 revocant:
1537 3870 1710 3945 totumque
1743 3852 1778 3918 in
1812 3871 1879 3943 quo

452 3934 658 4040 laboratur,
690 3949 738 4015 ita
771 3947 957 4045 perplexum
990 3947 1034 4019 est
1066 3954 1100 4016 δι
1133 3944 1364 4045 ambiguum,
1396 3970 1435 4024 ut
1469 3950 1624 4037 judicium
1660 3949 1879 4045 quorumdam

450 4047 654 4131 requiramus
678 4047 738 4138 qui
762 4067 828 4114 rens
852 4066 955 4119 totam
980 4050 1150 4121 ‹iefiniann
1175 4050 1272 4140 Malo
1296 4053 1412 4122 bacin
1437 4068 1526 4150 parte
1548 4044 1729 4121 absolutam
1752 4047 1796 4114 rei
1819 4045 1877 4114 de-

450 4137 630 4210 finitionem
655 4147 690 4209 δι
713 4144 802 4233 quali
826 4146 1011 4218 decisionem
1036 4172 1111 4217 curu
1136 4151 1244 4243 aliqua
1276 4151 1455 4220 timiditatis
1489 4152 1639 4247 opinione
1670 4144 1835 4215 desiderari
1864 4191 1875 4222 ,

452 4251 557 4324 quam
586 4239 610 4309 li
639 4241 756 4312 fiducia
787 4239 897 4335 alique
928 4246 1012 4316 male
1043 4240 1188 4319 sursulus
1216 4248 1307 4321 aliter
1337 4245 1505 4330 fecissem,
1535 4270 1637 4319 mm
1662 4244 1874 4345 μω

453 4333 603 4423 requiri.v
1179 4416 1219 4439 κ
