4534 5850
549 499 620 566 μ4
821 448 1646 538 GULIELMIBALLONII

331 612 447 681 mlle.
498 609 532 680 su
580 613 691 679 fimat.
712 604 809 676 fausta
832 607 916 675 enim
939 596 1085 698 punffim
1110 589 1286 671 solutione,
1310 587 1446 662 subfistit
1471 587 1608 686 rcscsque
1641 591 1678 658 lit
1698 588 1931 666 virus‘sorrtri·

345 701 483 766 cardia·
497 637 656 778 ‘labilium
672 701 902 803 symptomaton
917 690 1015 779 ¹causa
1032 699 1065 761 δι
1093 693 1227 769 αιιᾶοτ,
1251 711 1290 759 ut
1306 686 1451 761 dubitem
1472 714 1513 760 an
1535 693 1573 759 sit
1591 683 1765 788 plausibilis
1783 713 1821 760 ea
1841 696 1931 763 dere

351 844 354 852 ·
496 800 694 903 Aphrodisai
712 805 840 900 opinio.
868 803 988 886 Quum
1000 795 1087 863 enim
1102 792 1220 883 quatit
1237 811 1295 857 cur
1311 814 1375 857 non
1391 793 1436 858 ita
1451 782 1833 883 inflammatiosequattrr
1843 816 1928 891 prae·

494 907 642 986 &sionem
657 924 847 976 nervorum,
870 917 909 965 ut
929 891 1147 991 punbluram,
1172 911 1237 958 rem
1253 890 1298 956 ita
1312 887 1469 959 dissolvit:
1494 892 1585 987 Qia
1612 883 1740 984 spiritus
1771 892 1928 985 inaequali

493 997 1307 1195 liliilssissssli‘ss’pss'iiif‘iii‘i‘ss‘lssiliis’
1319 1004 1429 1154 oili?
1436 983 1813 1186 libili&
1830 1012 1931 1161 {rii

493 1221 548 1270 ma
573 1222 652 1268 num
675 1197 756 1291 quid
775 1188 938 1289 spirant&
958 1185 1174 1285 portendunt,
1198 1178 1248 1253 sed
1273 1176 1439 1254 obscurius
1463 1207 1529 1254 rem
1538 1202 1720 1282 exponunt,
1747 1208 1787 1254 ne
1804 1187 1930 1267 dicam,

493 1220 689 1366 obscurant.
717 1297 831 1386 ltaque
849 1306 987 1386 paterer
1012 1285 1086 1354 Gal.
1105 1289 1140 1354 δι
1157 1285 1298 1376 Vigonio
1314 1281 1408 1354 etiam
1432 1285 1466 1352 in
1494 1306 1668 1356 nervorum
1696 1283 1929 1380 punffionibus

492 1390 655 1464 sasmutu
672 1383 895 1468 mundabor,
926 1387 1067 1457 materiei
1093 1389 1280 1481 participem
1296 1381 1374 1461 esse,
1397 1383 1462 1454 sive
1477 1383 1579 1452 multa
1605 1384 1665 1462 stt,
1691 1383 1753 1454 sive
1786 1407 1888 1481 pauca
1918 1435 1931 1466 ,

494 1421 548 1562 ssd
574 1487 631 1562 sua
655 1490 812 1585 qualitate
829 1509 899 1555 eam
918 1481 1092 1553 molestiam
1108 1478 1218 1550 instrre
1234 1499 1326 1550 nata.
1345 1485 1536 1577 Qantitate
1554 1484 1638 1551 enim
1656 1505 1723 1549 non
1740 1501 1806 1553 tam
1834 1492 1932 1554 nocet

447 1611 449 1614 ’
496 1614 598 1686 quam
615 1588 790 1683 qualitate,
814 1606 920 1679 quum
935 1605 954 1651 a
971 1602 1085 1652 natura
1104 1580 1236 1649 alienior
1255 1579 1389 1649 exsistit.
1416 1582 1456 1648 Et
1471 1584 1515 1650 ita
1524 1579 1759 1652 convulfionon
1784 1584 1929 1678 analoga

493 1691 636 1776 materia
653 1688 792 1761 dicitur,
810 1705 914 1777 quum
930 1678 1056 1751 arseciio
1073 1677 1255 1774 gravissima
1271 1675 1336 1756 est,
1359 1680 1529 1776 perpusilla
1543 1681 1674 1749 materia
1701 1677 1864 1760 existente,
1887 1699 1933 1749 ut

380 1816 384 1824 ·
494 1790 530 1859 id
551 1787 640 1881 quod
659 1785 818 1875 contingit
833 1782 1007 1850 terrificum
1025 1803 1091 1848 non
1116 1797 1185 1848 tam
1210 1780 1375 1847 materiam
1400 1772 1528 1847 causam
1558 1773 1606 1850 sui
1629 1775 1796 1872 agnoscat,
1829 1802 1933 1874 quam

495 1886 686 1978 qualitatem
701 1885 754 1955 vix
778 1870 1013 1978 explicabilem,
1037 1896 1095 1948 aut
1114 1879 1257 1973 partium
1284 1880 1625 1957 communicationem
1658 1895 1717 1948 aut
1741 1879 1935 1948 carumdem

493 1984 675 2052 naturalem
699 1977 973 2048 constitutionem.
1000 1979 1126 2068 Exigua
1150 1979 1235 2045 enim
1261 1976 1333 2048 mali
1359 1970 1452 2046 causa
1477 1979 1511 2046 in
1535 1999 1635 2049 nervo
1657 1974 1699 2046 cll
1722 1981 1835 2072 magni
1855 1999 1936 2046 rno-

492 2083 608 2150 menti.
634 2081 691 2146 Vis
705 2081 790 2146 enim
806 2075 1032 2144 confideranda
1052 2069 1259 2142 barbarini.
1515 2129 1521 2137 .

543 2179 616 2246 Nee
633 2174 805 2270 quastione
823 2174 995 2268 indignum
1015 2171 1079 2251 cll,
1103 2197 1145 2242 au
1160 2195 1265 2266 quum
1286 2170 1390 2270 frigus
1408 2175 1804 2248 convellendiottasronem
1815 2177 1933 2256 affert,

358 2284 363 2297 '
492 2270 614 2370 absque
633 2277 764 2345 materia
784 2274 819 2341 id
847 2275 920 2343 fiat.
941 2274 978 2342 ld
997 2276 1082 2342 enim
1102 2271 1219 2343 volunt
1237 2275 1303 2343 fieri
1322 2276 1366 2345 illi
1392 2276 1431 2344 de
1454 2272 1576 2370 quibus
1601 2277 1738 2360 joannet
1751 2276 1934 2366 ''Vigoniut

357 2379 360 2389 '
491 2395 582 2444 ante.
607 2374 666 2443 Sed
688 2378 776 2471 prius
793 2371 932 2441 diximus
947 2395 985 2442 ex
1002 2371 1114 2441 Galen.
1124 2367 1225 2466 frigus
1242 2375 1371 2458 (Gracc
1394 2370 1538 2462 tipice)
1564 2365 1932 2448 convultionis·,causam

492 2473 550 2541 else
568 2472 660 2566 quod
683 2473 894 2541 difflationem
912 2464 1220 2568 prohibenturervos
1237 2473 1377 2570 repleat,
1402 2477 1436 2540 δι
1462 2474 1501 2540 stc
1519 2473 1560 2540 ad
1584 2473 1791 2567 repletionem
1827 2470 1861 2539 id
1885 2492 1952 2539 re·-

491 2567 680 2648 serendum,
705 2573 738 2636 &
757 2571 821 2638 stne
838 2573 968 2639 materia
985 2591 1024 2638 ea
1040 2568 1204 2639 convulsio
1221 2593 1284 2635 non
1302 2573 1356 2638 lit.
1382 2573 1592 2659 Qtamquam
1611 2570 1756 2635 Galenus
1771 2569 1842 2639 alio
1859 2570 1930 2638 loco

491 2671 585 2738 aliter
603 2662 707 2738 sensit.
735 2669 772 2736 ln
791 2661 989 2763 Aphorismis
1005 2669 1090 2734 enim
1110 2662 1306 2733 affectiorem
1332 2666 1419 2734 nervi
1437 2685 1459 2730 a
1487 2658 1604 2755 frigore
1631 2660 1827 2761 penetrabili
1852 2684 1932 2766 proc

498 2765 613 2840 stolam
634 2766 675 2835 ad
693 2761 792 2862 ipsam
814 2761 1079 2854 refrigerationem
1096 2761 1227 2837 retulit,
1248 2783 1323 2854 qua
1342 2763 1428 2854 cogit
1437 2758 1686 2857 constringitque
1701 2756 1788 2859 ipsos
1796 2787 1931 2849 nervat,

342 2842 485 2983 ⁶⁰2&
497 2915 522 2949 ,‚
544 2867 628 2949 unde
636 2862 832 2937 convellendi
848 2880 922 2931 nata
934 2860 1074 2930 occasio.
1100 2850 1209 2928 Verba
1218 2857 1374 2932 haetilliut
1391 2852 1601 2931 sunt:utnon
1609 2881 1739 2961 oportet
1749 2886 1927 2939 nervorum

342 2924 475 3073 ξων·
498 3015 521 3050 „
546 2956 792 3037 substantiama
816 2961 919 3031 calore
935 2960 1109 3031 immodico
1118 2950 1234 3031 exsolvi
1251 3006 1263 3038 ,
1288 2960 1391 3029 srcnec
1411 2960 1642 3032 ultramodum
1664 2959 1871 3055 refrigerari,
1897 2970 1931 3036 in

363 3021 384 3085 ⁷
437 3020 477 3087 ’ς’
500 3114 525 3147 ,,
552 3088 656 3135 unum
673 3066 744 3158 cogi
763 3054 968 3132 accohibeti.
994 3057 1230 3134 MeliusGraece
1254 3052 1445 3137 cortyna,
1464 3058 1662 3137 «elman.
1690 3043 1952 3159 [ruesdoqujffii¹

499 3168 678 3237 nmmum
693 3165 812 3234 venerit
828 3160 951 3229 Galeno
967 3177 1004 3227 ut
1019 3182 1084 3225 non
1105 3157 1254 3227 admittat
1271 3155 1435 3225 lectionem
1445 3158 1612 3251 vulgarem
1630 3161 1838 3255 Hippocratis
1877 3186 1932 3233 uc

499 3310 525 3346 ,‚
549 3262 591 3331 cll
612 3255 820 3351 ejuscemodi.
847 3258 1012 3351 Frigidum
1026 3252 1100 3325 satit
1118 3255 1354 3333 conversiones,
1378 3254 1626 3348 denigrationea,
1649 3261 1684 3325 &
1703 3186 1933 3349 rigoresfebri·

501 3407 525 3442 „
549 3362 615 3429 les:
642 3352 693 3427 sed
716 3364 762 3428 ita
782 3357 953 3450 legendum
971 3373 1092 3454 putat,
1117 3352 1272 3450 frigidum
1289 3353 1428 3425 Tetanos
1453 3352 1529 3426 lacit
1555 3359 1589 3422 δι
1616 3356 1733 3448 rigores
1751 3383 1767 3437 ,·
1782 3363 1847 3454 qui
1864 3360 1930 3458 ⁷ipli

501 3506 525 3542 ,‚
549 3457 797 3536 convulsiones,
822 3456 1027 3549 nigredines,
1052 3457 1084 3520 δι
1114 3448 1213 3524 febres
1244 3454 1405 3524 afferunt:
1441 3448 1489 3523 sed
1518 3455 1585 3525 hrot
1604 3446 1730 3524 obiter.
1764 3437 1935 3550 Neine&

375 3553 378 3559 ’
436 3547 441 3556 ’
470 3554 477 3598 ’·
501 3559 639 3649 legimus
657 3602 670 3654 ⁹.
695 3550 764 3640 ²5⁷3
786 3551 970 3640 dultin&
1001 3548 1028 3615 ai
1061 3546 1233 3639 κρύψῃ
1264 3545 1389 3637 ilaec„
1418 3554 1768 3625 convulsionic'vuam
1798 3549 1930 3626 (πᾶσι

360 3676 363 3684 ·
504 3654 579 3723 effe.
607 3656 662 3721 An
679 3653 711 3723 id
728 3654 784 3721 fiat
805 3675 863 3749 per
881 3675 914 3722 re
937 3653 1085 3720 letionem
1101 3673 1143 3718 en
1157 3661 1242 3730 non,
1266 3672 1307 3719 an
1322 3649 1456 3748 simplici
1480 3653 1841 3746 quodamnodouune
1855 3676 1931 3725 raa-

450 3752 455 3766 '
493 3746 634 3827 'te'ria,i
659 3744 745 3818 seen
762 3744 797 3817 su
855 3676 981 3818 iuribus
997 3750 1142 3842 colligas.
1896 3774 1901 3784 .

558 3773 721 4017 Expscata
736 3871 795 3916 con
809 3841 898 3917 ensut
913 3854 1084 3926 varietate,
1109 3865 1148 3915 ut
1172 3870 1259 3917 unus
1278 3841 1460 3943 absolutae
1483 3854 1518 3922 δι
1543 3850 1606 3922 fine
1622 3857 1784 3930 materici,
1816 3846 1927 3923 saltem

505 3972 580 4045 quae
611 3942 659 4019 ub
673 3941 796 4019 sensum
814 3949 929 4029 cadat,
950 3950 1263 4026 communicatione,
1288 3948 1367 4019 alter
1390 3973 1467 4021 eum
1491 3952 1641 4028 materia,
1663 3952 1705 4022 ad
1739 3974 1844 4023 veram
1878 3954 1926 4019 rei

482 4051 580 4139 'quae
616 4051 807 4147 proponitur
838 4049 1076 4146 explicationem
1109 4048 1345 4144 properandum
1377 4051 1522 4121 ridetur.
1567 4048 1677 4123 Leuis·
1701 4067 1820 4119 mmor
1838 4042 1929 4117 scro-

507 4144 606 4239 pulus
637 4148 746 4212 animo
777 4142 886 4212 nostro
918 4146 1046 4213 inhaeret
1104 4167 1178 4212 uem
1213 4150 1347 4215 eximere
1371 4149 1484 4217 melius
1517 4146 1590 4225 cst,
1618 4150 1771 4243 quoniam
1802 4146 1846 4216 ad
1869 4141 1942 4217 su··

407 4259 409 4263 ’
504 4240 662 4337 periorem
693 4235 749 4309 dis
762 4242 937 4307 utationem
972 4168 1165 4338 pertinebit.
1202 4243 1384 4314 Arcelanus
1418 4248 1500 4316 inter
1525 4266 1640 4318 ceteros
1673 4242 1817 4316 distinxit
1850 4268 1928 4315 eum

507 4330 695 4405 consensum
726 4265 927 4412 absolutum,
962 4341 997 4404 δι
1030 4358 1095 4402 non
1128 4330 1346 4408 absolutum.
1379 4344 1522 4415 Galenus
1593 4345 1661 4415 ullo
1695 4343 1789 4417 aliter
1818 4339 1931 4425 sense,

345 4467 422 4537 W·
432 4464 466 4524 6.
507 4431 563 4505 sed
599 4433 711 4501 eodem
727 4431 839 4502 recidit
869 4439 933 4525 eius
959 4434 1091 4531 opinio.
1123 4433 1296 4534 Duplicem
1321 4441 1405 4509 enim
1417 4440 1529 4522 statuit
1546 4370 1791 4544 syampndiiam
1823 4466 1929 4514 unam

344 4542 396 4604 til.
416 4560 449 4607 r.
504 4555 561 4633 per
576 4533 898 4604 communicationem
914 4551 973 4605 aut
998 4533 1124 4632 vaporis
1139 4554 1196 4604 aut
1220 4534 1366 4608 humoris
1393 4540 1460 4612 steri
1484 4562 1598 4641 putat,
1622 4544 1751 4616 alteram
1857 4549 1930 4643 pri·

345 4624 444 4693 ‘aba
487 4640 668 4702 ‘nationem
688 4652 745 4703 aut
766 4628 943 4713 facultatis,
966 4652 1023 4706 aut
1039 4637 1176 4705 materici
1194 4635 1323 4708 aliunde
1343 4639 1384 4709 ad
1401 4642 1554 4714 edendam
1578 4647 1738 4719 aaronem
1760 4566 1932 4745 sunppetena

375 4748 387 4768 ⁸
444 4745 446 4753 '
505 4734 563 4803 tis.
589 4731 731 4801 Priorem
749 4733 887 4805 modum
903 4736 1093 4805 Neotericus
1108 4728 1239 4833 scriptor
1265 4730 1407 4811 absolute
1431 4746 1466 4814 δι
1488 4743 1619 4841 positive
1644 4747 1712 4816 fieri
1730 4746 1842 4816 dixit:
1875 4738 1944 4815 list,

503 4834 588 4902 enim
605 4833 745 4900 materia
769 4837 1033 4912 communicatio·
1058 4835 1100 4902 Et
1116 4853 1156 4903 ut
1169 4836 1338 4906 concedam
1360 4838 1490 4910 aliunde
1507 4862 1564 4914 aut
1588 4846 1762 4918 humorem
1790 4864 1849 4917 eet
1872 4862 1942 4916 re·-

440 5000 467 5008 ,
504 4952 617 5025 potem
634 4929 787 5017 maduo,
810 4946 917 5055 tamen
940 4952 1014 5029 part
1037 4954 1111 5026 quc
1126 4955 1183 5030 per
1206 4928 1387 5031 caristolum
1399 4936 1537 5019 afficiar
1560 4936 1933 5111 illesadicirmgffli
