4534 5850
558 454 1494 579 rr2·r1³rrsrrrre1ourr,r1r.
1545 460 1570 529 1.
1670 482 1716 561 ,ς
1803 552 1924 611 W

343 628 431 719 pret
448 623 484 689 in
508 611 654 691 vasculo:
677 617 721 686 sm
743 615 853 688 todem
870 617 923 686 dit
945 613 1030 689 fluat
1055 613 1252 702 ἅμ’ῥρᾱνικᾶ
1276 667 1288 699 ,
1314 641 1353 691 ut
1366 622 1405 692 frc
1428 623 1571 718 loquar,
1595 620 1768 699 laudabilia
1785 628 1907 710 cophili·-

341 717 406 796 est‚
432 723 467 789 δι
486 737 590 788 tamen
604 716 715 784 eodem
739 717 837 789 modo
854 710 946 789 solvit
970 710 1178 811 tepefacitque
1193 712 1310 788 febrem
1334 745 1402 814 quo
1426 716 1551 814 irriguis
1581 745 1599 792 e
1630 718 1765 817 gibbero
1782 706 1923 815 cabua-

342 816 493 893 demtus,
519 813 686 883 undehtic
710 817 765 893 fit,
789 839 895 908 quum
920 814 1004 883 idem
1027 808 1153 907 sanguis
1178 819 1323 888 videatur
1338 819 1412 889 effe?
1440 821 1542 891 immo
1556 843 1684 891 narrant
1708 845 1762 894 ra·
1782 794 1924 872 nousssa·
1955 841 1959 850 '

345 938 385 983 ro
409 914 580 983 admodum
604 909 909 1010 ereriarcephatrca
941 931 1133 1012 corruptum
1163 916 1342 991 detrastum
1367 915 1480 988 fuiife.
1510 920 1562 991 An
1595 924 1672 1013 quia
1694 916 1765 991 fan-
1780 966 1834 1037 [⁴²⁸
1852 969 1897 1021 u‘s

343 1019 434 1105 guis,
458 1018 517 1106 qui
540 1035 559 1081 e
582 1005 704 1080 basilica
727 1014 867 1083 trahitur
892 1017 994 1104 magis
1018 1012 1188 1083 materialis
1195 1021 1266 1094 ,·&
1291 1017 1362 1084 ideo
1385 1040 1478 1085 cortu
1516 1021 1603 1090 ionis
1617 1014 1759 1092 uotaefa·
1779 984 1923 1124 mistim,

342 1111 432 1180 cilius
454 1114 486 1178 in
509 1133 548 1179 eo
564 1118 734 1207 apparent,
758 1130 868 1180 contra
892 1114 950 1204 qui
973 1133 991 1180 e
1013 1114 1113 1209 capite
1139 1110 1214 1185 fluit
1229 1113 1400 1185 floridulus
1426 1120 1461 1186 δι
1488 1112 1678 1213 pirituofust
1697 1118 1764 1187 Ta·
1782 1145 1814 1185 ar
1838 1135 1923 1204 qnia

343 1232 415 1278 men
438 1213 532 1302 quie
555 1209 670 1304 Capite
695 1230 803 1299 marrae
825 1230 942 1306 corpus
965 1215 999 1284 &
1025 1211 1141 1281 molem
1166 1206 1287 1283 haber.
1316 1216 1361 1283 At
1386 1237 1443 1282 nos
1466 1216 1628 1293 dicimus,
1652 1210 1764 1284 srfan-
1782 1209 1900 1284 baſsum

389 1312 414 1376 is
438 1307 562 1376 morani
597 1311 633 1377 in
662 1300 791 1378 cerebro
814 1309 979 1387 traheret,
1011 1332 1101 1402 aque
1124 1330 1294 1406 corruptus
1325 1308 1468 1383 eftlucret
1491 1333 1588 1406 atque
1611 1318 1636 1382 is
1659 1319 1718 1408 qui
1743 1294 1914 1383 ef‘mbl'

342 1330 472 1476 birrum
495 1409 575 1500 quia
585 1428 677 1475 mora
688 1409 804 1478 virium
812 1407 1029 1479 contraheret.
1046 1411 1118 1496 Qui
1135 1430 1153 1476 e
1172 1402 1452 1489 braclrioducitur,
1477 1416 1633 1505 quoniam
1657 1435 1676 1484 a
1692 1435 1763 1481 ma·
1781 1392 1832 1517 ’ζ’
1858 1397 1924 1437 '¹⁴'

342 1509 410 1598 gnis
437 1506 513 1576 vafrs
538 1503 615 1574 fluit
637 1529 672 1573 ac
699 1508 817 1575 virtute
841 1524 991 1581 natura,
1022 1501 1153 1577 facultas
1174 1512 1322 1582 excretrix
1336 1516 1370 1583 in
1395 1533 1437 1578 eo
1450 1504 1539 1578 fuam
1562 1513 1630 1582 vim
1654 1481 1922 1623 doessssiiuio'e'f·

341 1606 431 1698 quod
457 1622 578 1672 retento
602 1603 761 1675 smeeriore
784 1599 954 1696 sanguine,
977 1606 1336 1702 impurumcoetiirndit.
1363 1611 1401 1676 ln
1418 1630 1515 1679 uxore
1539 1612 1675 1681 Martini
1685 1608 1766 1679 Chr
1827 1643 1880 1699 12.
1911 1587 1923 1613 ’

346 1709 437 1796 rurgi
445 1727 553 1797 quum
576 1702 669 1771 dolor
695 1706 804 1794 ingens
822 1699 1146 1800 praeceifrffeteapitis,
1170 1705 1402 1800 haemorrhagia
1416 1705 1514 1776 fluxit
1538 1701 1648 1795 ἰᾶρόως
1677 1708 1770 1785 muli,

340 1821 395 1871 tus
412 1797 539 1893 sanguis
562 1819 749 1894 corruptus.
779 1802 822 1868 At
830 1823 953 1873 moram
973 1819 1124 1872 traxerat.
1151 1807 1192 1877 Et
1208 1807 1242 1872 in
1266 1798 1449 1877 abscellibus
1466 1814 1549 1899 pone
1564 1826 1769 1896 auresquum

338 1897 456 1969 feritur
479 1898 637 1995 cephalica
662 1921 741 1967 vena
766 1901 870 1994 putris
894 1899 1040 1969 educitur
1065 1949 1073 1965 .
1102 1900 1330 1992 Hippocratem
1348 1899 1478 1987 securus
1504 1896 1697 1985 Aristoteles·
1713 1902 1766 1977 aer't
1822 1940 1826 1949 ·
1926 1914 1932 1925 “

342 1998 464 2089 capitis
481 1996 671 2083 sangumem
695 1992 925 2083 renuffmum,
949 1997 1064 2088 reliqui
1077 2001 1213 2085 corporis
1236 1995 1466 2090 craffiffimrrnr.
1759 2036 1766 2055 ·.

389 2095 474 2163 Sunt
485 2095 542 2186 qui
559 2092 736 2188 caphuram
755 2111 913 2166 macerant
927 2098 961 2163 in
986 2116 1073 2187 aqua
1098 2095 1238 2190 plantag.
1263 2098 1305 2171 ad
1326 2102 1414 2189 ignes
1439 2093 1540 2166 sacros
1563 2097 1624 2169 hoc
1654 2098 1764 2171 multis
1785 2128 1922 2205 ΜΨ,

341 2218 406 2262 non
432 2192 550 2288 placet:
575 2193 681 2259 Immo
705 2187 813 2260 rodere
839 2216 877 2262 ac
900 2189 1047 2262 calfacere
1070 2193 1248 2289 caphuram
1284 2195 1399 2267 volunt
1418 2197 1598 2269 ..Narrant
1623 2197 1761 2290 quidam
1785 2213 1901 2270 coeundi·

340 2289 401 2361 usu
421 2313 527 2357 rerum
544 2289 792 2384 caphurararum
815 2291 948 2360 coeundi
970 2294 1192 2386 impotentiam
1216 2293 1371 2371 accidisse.
1400 2295 1506 2369 lrumo
1529 2313 1639 2365 omnes
1663 2310 1764 2395 partes
1783 2289 1917 2368 impensi

339 2413 415 2492 quae
429 2388 620 2481 generationi
643 2386 766 2459 devotae
790 2379 883 2466 funt,
906 2388 1004 2481 effeta
1029 2388 1240 2481 languerunt.
1434 2431 1437 2437 -
1613 2433 1616 2439 -
1783 2378 1859 2434 ’Μ’

350 2536 355 2545 -
388 2487 463 2570 Jam
479 2491 704 2557 annotavimus
728 2503 801 2557 ante
824 2488 961 2557 maxime
984 2480 1140 2557 laborare·
1163 2488 1310 2561 Medicos
1343 2509 1451 2579 quum
1476 2488 1600 2573 mulieri
1623 2490 1765 2581 gravida
1786 2455 1901 2534 ‘ism'

339 2585 426 2656 fluor
452 2580 607 2678 fatigantis
629 2587 808 2677 contingit.
836 2585 908 2653 Fere
932 2586 1018 2654 enim
1041 2582 1126 2657 adest
1141 2568 1292 2657 aminsi
1317 2588 1432 2679 iraque
1455 2580 1681 2661 consulendum
1692 2610 1766 2658 mu«
1803 2676 1806 2683 Ι

339 2678 466 2754 lieribus
491 2704 530 2753 ut
549 2678 607 2753 fefe
623 2684 712 2758 dorni
735 2685 933 2754 contineant.
960 2685 1102 2756 Etomni
1117 2683 1480 2782 ratione-impediendus
1503 2682 1547 2754 est
1571 2678 1679 2759 cursus
1688 2683 1743 2756 iste
1752 2711 1767 2761 a

338 2786 380 2852 'Er
404 2806 509 2875 quum
522 2782 697 2854 adventarit
723 2783 863 2878 pariendi
887 2800 1030 2881 tempus,
1055 2799 1127 2856 tum
1153 2784 1272 2856 Medici
1304 2786 1363 2857 crit
1387 2784 1551 2882 prudentis
1584 2786 1689 2861 videre
1722 2807 1764 2856 an
1811 2782 1841 2845 .’

330 2879 395 2951 iste
411 2874 576 2975 sanguinis
598 2872 708 2952 cursus
732 2882 974 2978 intercipiendos
999 2883 1064 2964 srt,
1089 2904 1241 2962 annon.

388 2980 461 3051 Nos
484 2973 657 3076 saeptione
679 2979 844 3048 incidimus
868 2982 902 3048 in
928 3002 1050 3080 agros,
1082 2984 1139 3073 qui
1165 2985 1199 3053 in
1233 2976 1367 3054 febrium
1398 2980 1475 3053 alias
1500 2986 1763 3061 continuarum,

339 3078 415 3149 alias
433 3077 473 3146 ad
486 3079 725 3146 intermittentes
748 3077 960 3146 accedentium
985 3072 1178 3176 paroxysmis
1200 3080 1239 3149 de
1264 3081 1399 3149 laterum
1424 3081 1533 3149 dolore
1558 3082 1639 3152 adeo
1661 3078 1765 3173 questi

339 3171 430 3254 friat,
455 3194 495 3245 ut
510 3176 653 3247 Modicus
676 3176 718 3252 ad
743 3171 908 3250 seriorem
934 3199 1022 3254 vena
1047 3177 1240 3269 adegerint,
1265 3184 1299 3251 δι
1323 3175 1367 3249 e'st
1383 3170 1464 3250 ledia
1489 3200 1570 3250 vena
1601 3174 1764 3250 feliciter.

339 3275 513 3371 Numquid
529 3277 620 3349 initio
643 3269 901 3371 pamxysmorum
919 3268 1013 3350 sectio
1028 3299 1117 3349 vena
1138 3281 1300 3357 conveniet
1320 3292 1331 3347 r
1357 3280 1438 3348 Item
1455 3276 1569 3346 dacum
1584 3269 1766 3373 sapephar-

337 3393 468 3442 marum
480 3375 571 3441 initio
602 3366 863 3467 paroryfmornm
898 3367 968 3439 fatis
1000 3371 1130 3448 feliciter
1143 3412 1159 3440 .<
1186 3379 1227 3444 Et
1260 3370 1438 3470 paroxyfmi
1470 3372 1651 3451 remitsrores
1692 3370 1767 3447 iacti

338 3464 434 3539 funt.
462 3470 516 3536 An
535 3491 600 3534 non
624 3462 822 3557 sequendum
850 3462 999 3534 Arabum
1022 3470 1204 3541 consilium,
1254 3473 1290 3535 ui
1313 3474 1404 3542 initio
1433 3465 1537 3537 morbi
1562 3465 1765 3564 paroxyfmo·
1817 3507 1922 3559 Hm,

338 3590 416 3638 rum
443 3564 671 3734 {limma
688 3554 913 3662 proscribunt,
938 3581 977 3636 ut
1001 3557 1122 3638 facilius
1144 3564 1241 3640 detur
1280 3581 1317 3639 ot
1342 3556 1447 3642 morbi
1471 3559 1596 3638 causam
1621 3566 1702 3638 dum
1726 3569 1760 3636 in
1787 3602 1851 3639 rum
1865 3581 1924 3642 mi-

411 3688 433 3732 u
516 3678 545 3732 ἰ
714 3720 721 3726 .
1785 3681 1832 3724 m
1851 3687 1882 3727 P

341 3687 511 3834 -moblulicr
537 3761 751 3857 quadraginta
774 3761 837 3831 dies
859 3758 963 3832 fctum
982 3782 1091 3857 gerens
1124 3765 1204 3834 dum
1237 3784 1311 3834 rure
1346 3766 1506 3855 Lutetiam
1539 3760 1681 3862 probola
1712 3762 1756 3834 eil
1785 3665 1912 3846 quidus

337 3864 415 3933 caelo
439 3884 555 3960 parum
572 3854 724 3933 screno&
748 3862 924 3955 tranquillo
940 3867 983 3936 .&
1006 3886 1092 3956 equo
1110 3864 1257 3941 iridens,
1273 3887 1379 3959 quum
1396 3857 1439 3934 ab
1456 3886 1543 3956 equo
1568 3860 1760 3946 deftliitlrof-
1786 3833 1822 3902 ‘st
1844 3853 1879 3973 ἵζ’

339 3964 458 4060 pitium
476 3963 615 4056 perintra
639 3954 719 4029 forte
749 3952 888 4032 sororem
912 3953 999 4033 fuam
1026 3961 1117 4035 nadir
1133 3960 1211 4043 est,
1234 3984 1368 4057 eamque
1393 3960 1570 4033 amicissime
1593 3949 1759 4060 ampledi-
1784 3933 1842 3974 Μ
1861 3934 1918 3981 '⁸‘

338 4079 413 4129 tur.
439 4059 553 4130 Paullo
569 4054 638 4154 pust
655 4052 884 4131 tenebricosum
898 4061 979 4152 quid
995 4053 1039 4126 ob
1063 4059 1173 4128 oculos
1195 4054 1398 4140 obversatur,
1424 4082 1479 4128 nec
1493 4060 1629 4156 amplius
1658 4057 1759 4155 potest

338 4155 518 4228 consistere.
545 4160 632 4225 Hinc
648 4158 791 4255 aphonos
802 4163 899 4249 jacet,
924 4179 961 4226 ac
977 4161 1116 4256 primum
1144 4156 1241 4227 stertit
1259 4184 1294 4228 ac
1312 4160 1334 4225 fr
1351 4154 1518 4229 fufiocante
1533 4157 1680 4232 catarrho
1686 4179 1759 4256 pre·
1827 4143 1880 4212 ¹3·

339 4275 495 4327 meretur.
521 4256 740 4328 Convellitur.
766 4255 870 4327 Nulla
896 4260 1018 4327 ratione
1042 4253 1168 4348 restitui·
1185 4260 1313 4355 potuit.
1339 4256 1463 4328 Omnia
1491 4276 1613 4329 tentata
1645 4250 1758 4325 sunt.

339 4354 569 4432 Convulfioncs
593 4349 813 4452 perseverant.
838 4335 1010 4430 serioris
1036 4354 1103 4451 post
1128 4359 1280 4429 moritur.
1295 4357 1430 4455 ¹riperto
1453 4357 1603 4427 cadavere
1626 4354 1757 4452 pulmo·
1782 4348 1922 4448 arcessu-

340 4477 395 4524 nes
417 4457 627 4529 inveniuntur
640 4455 782 4551 corrupti
806 4476 842 4521 ac
867 4445 948 4523 finio
966 4451 1088 4522 foetenti
1104 4478 1140 4522 ac
1161 4455 1245 4522 olida
1268 4453 1405 4550 repleti.
1432 4454 1491 4522 Sed
1509 4454 1569 4521 hoc
1592 4475 1657 4522 non
1692 4448 1755 4520 fuit
1781 4435 1896 4490 ⁶¹⁸m‘

338 4547 434 4623 causa
455 4555 538 4627 canti
570 4545 704 4631 morbi,
736 4571 937 4645 quamquam
961 4560 1068 4640 juvare
1094 4556 1216 4649 poruir.
1246 4554 1292 4617 ln*
1307 4544 1435 4619 cerebro
1465 4550 1509 4620 nil
1531 4548 1593 4622 fere
1614 4550 1755 4617 alienum
1781 4529 1921 4663 :iffi

338 4668 542 4747 compertum
564 4648 626 4722 est.
656 4653 692 4718 ln
716 4651 896 4724 ventriculis
926 4653 1033 4743 aliqua
1058 4668 1148 4717 erant
1167 4642 1378 4744 corpuscula,
1403 4640 1454 4715 fed
1471 4647 1550 4717 adeo
1582 4647 1689 4718 tenuia
1721 4649 1757 4716 δι
1780 4689 1880 4735 m,

339 4749 437 4822 exilia
460 4767 497 4817 ut
517 4751 607 4844 parvi
621 4747 716 4820 orion
739 4751 919 4820 momenti.
947 4751 1134 4845 Accepimus
1154 4770 1224 4817 eam
1242 4746 1319 4815 huic
1340 4740 1454 4814 morbo
1476 4746 1551 4814 alias
1584 4738 1756 4812 obnoxiam
1785 4771 1791 4780 ·

339 4844 451 4930 fuisse:
476 4849 653 4961 {¹³¹¹th
676 4848 858 4946 epileptica.
886 4852 926 4960 Et
945 4874 1011 4919 non
1028 4843 1182 4964 interiilfct
1197 4843 1261 4957 ¹nifi
1285 4842 1500 4956 convulsiones
1531 4840 1657 4908 allidunt
1682 4829 1755 4902 fuis·
1826 4897 1874 4966 ¹4

340 4941 427 5043 fiat·
456 4944 517 5027 er
530 4967 611 5027 ‘nrm
628 4946 784 5051 estquod
802 4966 871 5021 tam
895 4969 974 5022 rues
988 4943 1133 5047 [turget.
1162 4947 1286 5016 Vitium
1309 4942 1390 5014 illud
1406 4941 1619 5041 pulmonum,
1643 4930 1755 5013 dequo

1593 5018 1718 5090 dicrum

1782 899 1863 941 cem!
2001 928 2004 932 .
