<?xml version="1.0" encoding="UTF-8"?>
<!DOCTYPE html PUBLIC "-//W3C//DTD XHTML 1.0 Transitional//EN"
    "http://www.w3.org/TR/xhtml1/DTD/xhtml1-transitional.dtd">
<html xmlns="http://www.w3.org/1999/xhtml" xml:lang="en" lang="en">
 <head>
  <title>
</title>
<meta http-equiv="Content-Type" content="text/html;charset=utf-8" />
  <meta name='ocr-system' content='tesseract 3.04.00' />
  <meta name='ocr-capabilities' content='ocr_page ocr_carea ocr_par ocr_line ocrx_word'/>
</head>
<body>
  <div class='ocr_page' id='page_1' title='image "./operaomniamedic00thgoog_0277.png"; bbox 0 0 4534 5850; ppageno 0'>
   <div class='ocr_carea' id='block_1_1' title="bbox 560 482 1700 594">
    <p class='ocr_par' dir='ltr' id='par_1_1' title="bbox 560 482 1700 594">
     <span class='ocr_line' id='line_1_1' title="bbox 560 482 1700 594; baseline 0.011 -33"><span class='ocrx_word' id='word_1_1' title='bbox 560 482 1238 567; x_wconf 68' lang='lat' dir='ltr'>&#39;Deimir.=stunicaatiii.</span> <span class='ocrx_word' id='word_1_2' title='bbox 1290 490 1365 565; x_wconf 79' lang='lat' dir='ltr'>To,</span> <span class='ocrx_word' id='word_1_3' title='bbox 1392 494 1426 566; x_wconf 79' lang='grc' dir='ltr'>Ρ.</span> <span class='ocrx_word' id='word_1_4' title='bbox 1634 520 1700 594; x_wconf 69' lang='lat' dir='ltr'>tir</span> 
     </span>
    </p>
   </div>
   <div class='ocr_carea' id='block_1_2' title="bbox 342 637 1845 3891">
    <p class='ocr_par' dir='ltr' id='par_1_2' title="bbox 342 637 1845 3891">
     <span class='ocr_line' id='line_1_2' title="bbox 342 637 1783 740; baseline 0.001 -26"><span class='ocrx_word' id='word_1_5' title='bbox 342 641 541 738; x_wconf 66' lang='lat' dir='ltr'>lgidlatutr</span> <span class='ocrx_word' id='word_1_6' title='bbox 558 647 638 740; x_wconf 87' lang='lat' dir='ltr'>qnia</span> <span class='ocrx_word' id='word_1_7' title='bbox 651 637 942 714; x_wconf 80' lang='lat' dir='ltr'>causaexcretionis</span> <span class='ocrx_word' id='word_1_8' title='bbox 958 637 1122 721; x_wconf 81' lang='lat' dir='ltr'>nescitur,</span> <span class='ocrx_word' id='word_1_9' title='bbox 1157 643 1202 709; x_wconf 88' lang='lat' dir='ltr'>ita</span> <span class='ocrx_word' id='word_1_10' title='bbox 1226 649 1306 736; x_wconf 91' lang='lat' dir='ltr'>quia</span> <span class='ocrx_word' id='word_1_11' title='bbox 1333 644 1499 736; x_wconf 83' lang='lat' dir='ltr'>ignoratur</span> <span class='ocrx_word' id='word_1_12' title='bbox 1511 637 1617 717; x_wconf 78' lang='lat' dir='ltr'>‚causa</span> <span class='ocrx_word' id='word_1_13' title='bbox 1631 661 1760 738; x_wconf 52' lang='lat' dir='ltr'>generas*</span> <span class='ocrx_word' id='word_1_14' title='bbox 1779 678 1783 687; x_wconf 94' lang='lat'>·</span> 
     </span>
     <span class='ocr_line' id='line_1_3' title="bbox 344 741 1762 838; baseline 0.001 -27"><span class='ocrx_word' id='word_1_15' title='bbox 344 747 443 812; x_wconf 86' lang='lat' dir='ltr'>tionis</span> <span class='ocrx_word' id='word_1_16' title='bbox 458 743 739 835; x_wconf 62' lang='lat' dir='ltr'>,desereretiqnis</span> <span class='ocrx_word' id='word_1_17' title='bbox 759 762 1029 811; x_wconf 81' lang='lat' dir='ltr'>excrementorum</span> <span class='ocrx_word' id='word_1_18' title='bbox 1055 745 1087 808; x_wconf 92' lang='lat' dir='ltr'>in</span> <span class='ocrx_word' id='word_1_19' title='bbox 1113 745 1246 835; x_wconf 87' lang='lat' dir='ltr'>capite,</span> <span class='ocrx_word' id='word_1_20' title='bbox 1279 741 1422 810; x_wconf 85' lang='lat' dir='ltr'>influxus</span> <span class='ocrx_word' id='word_1_21' title='bbox 1444 747 1613 838; x_wconf 80' lang='lat' dir='ltr'>proportio</span> <span class='ocrx_word' id='word_1_22' title='bbox 1628 750 1664 813; x_wconf 80' lang='lat' dir='ltr'>de</span> <span class='ocrx_word' id='word_1_23' title='bbox 1679 748 1762 813; x_wconf 91' lang='lat' dir='ltr'>ratio</span> 
     </span>
     <span class='ocr_line' id='line_1_4' title="bbox 345 832 1783 937; baseline 0.001 -27"><span class='ocrx_word' id='word_1_24' title='bbox 345 863 482 937; x_wconf 84' lang='lat' dir='ltr'>quoque</span> <span class='ocrx_word' id='word_1_25' title='bbox 500 843 677 911; x_wconf 70' lang='lat' dir='ltr'>noolatcte·</span> <span class='ocrx_word' id='word_1_26' title='bbox 689 846 775 935; x_wconf 81' lang='lat' dir='ltr'>Ergo</span> <span class='ocrx_word' id='word_1_27' title='bbox 791 863 898 934; x_wconf 91' lang='lat' dir='ltr'>quum</span> <span class='ocrx_word' id='word_1_28' title='bbox 918 851 989 936; x_wconf 85' lang='lat' dir='ltr'>pars</span> <span class='ocrx_word' id='word_1_29' title='bbox 1003 840 1114 932; x_wconf 84' lang='lat' dir='ltr'>aliqua</span> <span class='ocrx_word' id='word_1_30' title='bbox 1132 844 1276 934; x_wconf 84' lang='lat' dir='ltr'>princeps</span> <span class='ocrx_word' id='word_1_31' title='bbox 1296 882 1306 913; x_wconf 93' lang='lat'>,</span> <span class='ocrx_word' id='word_1_32' title='bbox 1337 861 1375 908; x_wconf 89' lang='lat' dir='ltr'>ut</span> <span class='ocrx_word' id='word_1_33' title='bbox 1396 832 1591 919; x_wconf 88' lang='lat' dir='ltr'>cerebrum,</span> <span class='ocrx_word' id='word_1_34' title='bbox 1617 843 1761 911; x_wconf 89' lang='lat' dir='ltr'>multum</span> <span class='ocrx_word' id='word_1_35' title='bbox 1779 848 1783 854; x_wconf 87' lang='lat'>&#39;</span> 
     </span>
     <span class='ocr_line' id='line_1_5' title="bbox 347 936 1764 1035; baseline 0.002 -27"><span class='ocrx_word' id='word_1_36' title='bbox 347 940 490 1009; x_wconf 85' lang='lat' dir='ltr'>humoris</span> <span class='ocrx_word' id='word_1_37' title='bbox 502 941 730 1018; x_wconf 81' lang='lat' dir='ltr'>accumulant,</span> <span class='ocrx_word' id='word_1_38' title='bbox 753 941 921 1035; x_wconf 78' lang='lat' dir='ltr'>impatiens</span> <span class='ocrx_word' id='word_1_39' title='bbox 934 940 1015 1006; x_wconf 88' lang='lat' dir='ltr'>tanti</span> <span class='ocrx_word' id='word_1_40' title='bbox 1035 939 1138 1005; x_wconf 90' lang='lat' dir='ltr'>oneris</span> <span class='ocrx_word' id='word_1_41' title='bbox 1156 936 1274 1028; x_wconf 82' lang='lat' dir='ltr'>releget</span> <span class='ocrx_word' id='word_1_42' title='bbox 1294 939 1326 1004; x_wconf 92' lang='lat' dir='ltr'>in</span> <span class='ocrx_word' id='word_1_43' title='bbox 1349 959 1450 1031; x_wconf 85' lang='lat' dir='ltr'>partes</span> <span class='ocrx_word' id='word_1_44' title='bbox 1475 941 1566 1010; x_wconf 87' lang='lat' dir='ltr'>illas.</span> <span class='ocrx_word' id='word_1_45' title='bbox 1598 936 1764 1011; x_wconf 84' lang='lat' dir='ltr'>Accumu-</span> 
     </span>
     <span class='ocr_line' id='line_1_6' title="bbox 347 1031 1765 1127; baseline 0.002 -22"><span class='ocrx_word' id='word_1_46' title='bbox 347 1037 395 1108; x_wconf 88' lang='lat' dir='ltr'>lat</span> <span class='ocrx_word' id='word_1_47' title='bbox 412 1040 722 1108; x_wconf 67' lang='lat' dir='ltr'>summoturum</span> <span class='ocrx_word' id='word_1_48' title='bbox 739 1031 829 1106; x_wconf 88' lang='lat' dir='ltr'>sevcl</span> <span class='ocrx_word' id='word_1_49' title='bbox 846 1036 938 1127; x_wconf 90' lang='lat' dir='ltr'>quod</span> <span class='ocrx_word' id='word_1_50' title='bbox 954 1031 1146 1104; x_wconf 82' lang='lat' dir='ltr'>debilius-fit</span> <span class='ocrx_word' id='word_1_51' title='bbox 1165 1081 1176 1111; x_wconf 94' lang='lat'>,</span> <span class='ocrx_word' id='word_1_52' title='bbox 1210 1034 1258 1103; x_wconf 91' lang='lat' dir='ltr'>vel</span> <span class='ocrx_word' id='word_1_53' title='bbox 1276 1035 1365 1126; x_wconf 91' lang='lat' dir='ltr'>quod</span> <span class='ocrx_word' id='word_1_54' title='bbox 1406 1038 1505 1105; x_wconf 82' lang='lat' dir='ltr'>ituitae</span> <span class='ocrx_word' id='word_1_55' title='bbox 1528 1033 1609 1108; x_wconf 87' lang='lat' dir='ltr'>sedes</span> <span class='ocrx_word' id='word_1_56' title='bbox 1626 1041 1690 1117; x_wconf 92' lang='lat' dir='ltr'>sit,</span> <span class='ocrx_word' id='word_1_57' title='bbox 1724 1057 1765 1109; x_wconf 89' lang='lat' dir='ltr'>nt</span> 
     </span>
     <span class='ocr_line' id='line_1_7' title="bbox 347 1059 1765 1236; baseline 0 -29"><span class='ocrx_word' id='word_1_58' title='bbox 347 1131 610 1234; x_wconf 67' lang='lat' dir='ltr'>problematice,</span> <span class='ocrx_word' id='word_1_59' title='bbox 628 1162 697 1206; x_wconf 89' lang='lat' dir='ltr'>non</span> <span class='ocrx_word' id='word_1_60' title='bbox 722 1158 828 1204; x_wconf 88' lang='lat' dir='ltr'>tamen</span> <span class='ocrx_word' id='word_1_61' title='bbox 852 1135 914 1203; x_wconf 85' lang='lat' dir='ltr'>sine</span> <span class='ocrx_word' id='word_1_62' title='bbox 937 1138 1086 1210; x_wconf 86' lang='lat' dir='ltr'>ratione,</span> <span class='ocrx_word' id='word_1_63' title='bbox 1126 1127 1334 1227; x_wconf 85' lang='lat' dir='ltr'>scriptumest</span> <span class='ocrx_word' id='word_1_64' title='bbox 1352 1059 1409 1200; x_wconf 71' lang='lat' dir='ltr'>lii.</span> <span class='ocrx_word' id='word_1_65' title='bbox 1433 1160 1464 1216; x_wconf 82' lang='lat'>4.</span> <span class='ocrx_word' id='word_1_66' title='bbox 1484 1135 1523 1206; x_wconf 80' lang='lat' dir='ltr'>tle</span> <span class='ocrx_word' id='word_1_67' title='bbox 1540 1130 1658 1206; x_wconf 84' lang='lat' dir='ltr'>morbis</span> <span class='ocrx_word' id='word_1_68' title='bbox 1674 1136 1765 1236; x_wconf 81' lang='lat' dir='ltr'>apud</span> 
     </span>
     <span class='ocr_line' id='line_1_8' title="bbox 347 1225 1763 1333; baseline 0 -27"><span class='ocrx_word' id='word_1_69' title='bbox 347 1237 507 1333; x_wconf 64' lang='lat' dir='ltr'>Hippone.</span> <span class='ocrx_word' id='word_1_70' title='bbox 516 1237 606 1308; x_wconf 90' lang='lat' dir='ltr'>Nam</span> <span class='ocrx_word' id='word_1_71' title='bbox 622 1239 823 1328; x_wconf 83' lang='lat' dir='ltr'>quicumque</span> <span class='ocrx_word' id='word_1_72' title='bbox 840 1254 915 1303; x_wconf 90' lang='lat' dir='ltr'>eum</span> <span class='ocrx_word' id='word_1_73' title='bbox 936 1227 991 1301; x_wconf 88' lang='lat' dir='ltr'>lib.</span> <span class='ocrx_word' id='word_1_74' title='bbox 1008 1227 1123 1329; x_wconf 83' lang='lat' dir='ltr'>scripfit</span> <span class='ocrx_word' id='word_1_75' title='bbox 1140 1225 1182 1300; x_wconf 92' lang='lat' dir='ltr'>ab</span> <span class='ocrx_word' id='word_1_76' title='bbox 1200 1233 1317 1301; x_wconf 81' lang='lat' dir='ltr'>eventis</span> <span class='ocrx_word' id='word_1_77' title='bbox 1333 1254 1401 1302; x_wconf 90' lang='lat' dir='ltr'>rem</span> <span class='ocrx_word' id='word_1_78' title='bbox 1428 1236 1557 1311; x_wconf 85' lang='lat' dir='ltr'>metitur</span> <span class='ocrx_word' id='word_1_79' title='bbox 1572 1281 1592 1310; x_wconf 90' lang='lat'>,.</span> <span class='ocrx_word' id='word_1_80' title='bbox 1618 1259 1673 1305; x_wconf 88' lang='lat' dir='ltr'>nec</span> <span class='ocrx_word' id='word_1_81' title='bbox 1694 1257 1763 1306; x_wconf 90' lang='lat' dir='ltr'>tam</span> 
     </span>
     <span class='ocr_line' id='line_1_9' title="bbox 350 1326 1764 1425; baseline -0.001 -22"><span class='ocrx_word' id='word_1_82' title='bbox 350 1335 547 1404; x_wconf 75' lang='lat' dir='ltr'>naturalium</span> <span class='ocrx_word' id='word_1_83' title='bbox 562 1337 740 1402; x_wconf 84' lang='lat' dir='ltr'>humorum</span> <span class='ocrx_word' id='word_1_84' title='bbox 762 1333 917 1400; x_wconf 85' lang='lat' dir='ltr'>rationem</span> <span class='ocrx_word' id='word_1_85' title='bbox 942 1326 1038 1400; x_wconf 81' lang='lat' dir='ltr'>lubet</span> <span class='ocrx_word' id='word_1_86' title='bbox 1060 1352 1162 1424; x_wconf 87' lang='lat' dir='ltr'>quam</span> <span class='ocrx_word' id='word_1_87' title='bbox 1190 1355 1256 1400; x_wconf 88' lang='lat' dir='ltr'>non</span> <span class='ocrx_word' id='word_1_88' title='bbox 1283 1330 1508 1410; x_wconf 83' lang='lat' dir='ltr'>naturalium,</span> <span class='ocrx_word' id='word_1_89' title='bbox 1539 1355 1644 1425; x_wconf 91' lang='lat' dir='ltr'>quum</span> <span class='ocrx_word' id='word_1_90' title='bbox 1668 1358 1764 1415; x_wconf 85' lang='lat' dir='ltr'>tremo</span> 
     </span>
     <span class='ocr_line' id='line_1_10' title="bbox 351 1423 1768 1527; baseline 0.002 -27"><span class='ocrx_word' id='word_1_91' title='bbox 351 1439 481 1525; x_wconf 75' lang='lat' dir='ltr'>ignoret</span> <span class='ocrx_word' id='word_1_92' title='bbox 504 1434 527 1499; x_wconf 83' lang='lat' dir='ltr'>si</span> <span class='ocrx_word' id='word_1_93' title='bbox 552 1434 625 1524; x_wconf 88' lang='lat' dir='ltr'>quis</span> <span class='ocrx_word' id='word_1_94' title='bbox 650 1431 784 1499; x_wconf 87' lang='lat' dir='ltr'>humida</span> <span class='ocrx_word' id='word_1_95' title='bbox 806 1426 984 1523; x_wconf 74' lang='lat' dir='ltr'>frigidaque</span> <span class='ocrx_word' id='word_1_96' title='bbox 1012 1431 1116 1500; x_wconf 89' lang='lat' dir='ltr'>multa</span> <span class='ocrx_word' id='word_1_97' title='bbox 1141 1432 1256 1527; x_wconf 87' lang='lat' dir='ltr'>pituita</span> <span class='ocrx_word' id='word_1_98' title='bbox 1274 1423 1415 1499; x_wconf 86' lang='lat' dir='ltr'>abundet</span> <span class='ocrx_word' id='word_1_99' title='bbox 1432 1453 1536 1525; x_wconf 87' lang='lat' dir='ltr'>aqua</span> <span class='ocrx_word' id='word_1_100' title='bbox 1553 1448 1611 1499; x_wconf 89' lang='lat' dir='ltr'>aut</span> <span class='ocrx_word' id='word_1_101' title='bbox 1628 1436 1768 1503; x_wconf 83' lang='lat' dir='ltr'>tormina</span> 
     </span>
     <span class='ocr_line' id='line_1_11' title="bbox 348 1522 1767 1626; baseline -0.001 -27"><span class='ocrx_word' id='word_1_102' title='bbox 348 1523 483 1610; x_wconf 63' lang='lat' dir='ltr'>fintiate</span> <span class='ocrx_word' id='word_1_103' title='bbox 503 1549 561 1599; x_wconf 91' lang='lat' dir='ltr'>aut</span> <span class='ocrx_word' id='word_1_104' title='bbox 576 1531 701 1599; x_wconf 90' lang='lat' dir='ltr'>dolores</span> <span class='ocrx_word' id='word_1_105' title='bbox 716 1530 922 1607; x_wconf 82' lang='lat' dir='ltr'>articulares,</span> <span class='ocrx_word' id='word_1_106' title='bbox 946 1551 1006 1597; x_wconf 85' lang='lat' dir='ltr'>aut</span> <span class='ocrx_word' id='word_1_107' title='bbox 1025 1532 1169 1599; x_wconf 88' lang='lat' dir='ltr'>horrores</span> <span class='ocrx_word' id='word_1_108' title='bbox 1184 1522 1242 1597; x_wconf 94' lang='lat' dir='ltr'>sub</span> <span class='ocrx_word' id='word_1_109' title='bbox 1259 1549 1329 1598; x_wconf 88' lang='lat' dir='ltr'>cute</span> <span class='ocrx_word' id='word_1_110' title='bbox 1348 1525 1523 1624; x_wconf 86' lang='lat' dir='ltr'>frequentes</span> <span class='ocrx_word' id='word_1_111' title='bbox 1542 1524 1671 1611; x_wconf 62' lang='lat' dir='ltr'>sitriae,</span> <span class='ocrx_word' id='word_1_112' title='bbox 1683 1534 1767 1626; x_wconf 91' lang='lat' dir='ltr'>quin</span> 
     </span>
     <span class='ocr_line' id='line_1_12' title="bbox 351 1622 1767 1724; baseline 0 -27"><span class='ocrx_word' id='word_1_113' title='bbox 351 1629 469 1697; x_wconf 88' lang='lat' dir='ltr'>borum</span> <span class='ocrx_word' id='word_1_114' title='bbox 483 1629 642 1697; x_wconf 91' lang='lat' dir='ltr'>malorum</span> <span class='ocrx_word' id='word_1_115' title='bbox 655 1632 748 1721; x_wconf 89' lang='lat' dir='ltr'>origo</span> <span class='ocrx_word' id='word_1_116' title='bbox 764 1651 783 1696; x_wconf 91' lang='lat' dir='ltr'>a</span> <span class='ocrx_word' id='word_1_117' title='bbox 798 1622 926 1696; x_wconf 87' lang='lat' dir='ltr'>cerebro</span> <span class='ocrx_word' id='word_1_118' title='bbox 941 1630 1001 1698; x_wconf 86' lang='lat' dir='ltr'>lit.</span> <span class='ocrx_word' id='word_1_119' title='bbox 1030 1633 1115 1720; x_wconf 84' lang='lat' dir='ltr'>Ergo</span> <span class='ocrx_word' id='word_1_120' title='bbox 1134 1622 1176 1695; x_wconf 88' lang='lat' dir='ltr'>ab</span> <span class='ocrx_word' id='word_1_121' title='bbox 1197 1627 1256 1695; x_wconf 91' lang='lat' dir='ltr'>hoc</span> <span class='ocrx_word' id='word_1_122' title='bbox 1279 1632 1402 1723; x_wconf 85' lang='lat' dir='ltr'>pituitae</span> <span class='ocrx_word' id='word_1_123' title='bbox 1422 1648 1595 1724; x_wconf 85' lang='lat' dir='ltr'>proventus</span> <span class='ocrx_word' id='word_1_124' title='bbox 1613 1655 1624 1709; x_wconf 70' lang='lat' dir='ltr'>l</span> <span class='ocrx_word' id='word_1_125' title='bbox 1658 1652 1767 1724; x_wconf 89' lang='lat' dir='ltr'>quum</span> 
     </span>
     <span class='ocr_line' id='line_1_13' title="bbox 349 1720 1766 1819; baseline -0.001 -23"><span class='ocrx_word' id='word_1_126' title='bbox 349 1730 463 1819; x_wconf 88' lang='lat' dir='ltr'>itaque</span> <span class='ocrx_word' id='word_1_127' title='bbox 479 1721 601 1803; x_wconf 91' lang='lat' dir='ltr'>debile,</span> <span class='ocrx_word' id='word_1_128' title='bbox 625 1733 660 1796; x_wconf 81' lang='lat' dir='ltr'>dc</span> <span class='ocrx_word' id='word_1_129' title='bbox 685 1725 901 1819; x_wconf 84' lang='lat' dir='ltr'>quatenusell</span> <span class='ocrx_word' id='word_1_130' title='bbox 918 1723 1068 1811; x_wconf 72' lang='lat' dir='ltr'>eiusmodi</span> <span class='ocrx_word' id='word_1_131' title='bbox 1083 1720 1247 1795; x_wconf 85' lang='lat' dir='ltr'>cerebrum</span> <span class='ocrx_word' id='word_1_132' title='bbox 1266 1728 1403 1796; x_wconf 89' lang='lat' dir='ltr'>multum</span> <span class='ocrx_word' id='word_1_133' title='bbox 1452 1732 1554 1797; x_wconf 79' lang='lat' dir='ltr'>ituitae</span> <span class='ocrx_word' id='word_1_134' title='bbox 1582 1749 1706 1798; x_wconf 86' lang='lat' dir='ltr'>acervat</span> <span class='ocrx_word' id='word_1_135' title='bbox 1732 1731 1766 1809; x_wconf 87' lang='lat' dir='ltr'>in</span> 
     </span>
     <span class='ocr_line' id='line_1_14' title="bbox 349 1751 1770 1921; baseline -0.001 -27"><span class='ocrx_word' id='word_1_136' title='bbox 349 1818 381 1894; x_wconf 88' lang='lat' dir='ltr'>se</span> <span class='ocrx_word' id='word_1_137' title='bbox 404 1826 619 1918; x_wconf 79' lang='lat' dir='ltr'>colligitque,</span> <span class='ocrx_word' id='word_1_138' title='bbox 654 1830 689 1893; x_wconf 78' lang='lat' dir='ltr'>de</span> <span class='ocrx_word' id='word_1_139' title='bbox 751 1842 885 1894; x_wconf 90' lang='lat' dir='ltr'>uatenus</span> <span class='ocrx_word' id='word_1_140' title='bbox 900 1820 1074 1895; x_wconf 78' lang='lat' dir='ltr'>cucurbitae</span> <span class='ocrx_word' id='word_1_141' title='bbox 1093 1823 1191 1892; x_wconf 86' lang='lat' dir='ltr'>instar</span> <span class='ocrx_word' id='word_1_142' title='bbox 1209 1824 1369 1901; x_wconf 85' lang='lat' dir='ltr'>attrahit,</span> <span class='ocrx_word' id='word_1_143' title='bbox 1400 1751 1505 1918; x_wconf 70' lang='lat' dir='ltr'>elique</span> <span class='ocrx_word' id='word_1_144' title='bbox 1532 1818 1692 1921; x_wconf 81' lang='lat' dir='ltr'>spongia,</span> <span class='ocrx_word' id='word_1_145' title='bbox 1725 1822 1770 1895; x_wconf 86' lang='lat' dir='ltr'>ad</span> 
     </span>
     <span class='ocr_line' id='line_1_15' title="bbox 350 1849 1765 2020; baseline 0.001 -30"><span class='ocrx_word' id='word_1_146' title='bbox 350 1920 439 1990; x_wconf 81' lang='lat' dir='ltr'>istam</span> <span class='ocrx_word' id='word_1_147' title='bbox 451 1926 633 2016; x_wconf 82' lang='lat' dir='ltr'>congeriem</span> <span class='ocrx_word' id='word_1_148' title='bbox 649 1924 709 1991; x_wconf 92' lang='lat' dir='ltr'>hoc</span> <span class='ocrx_word' id='word_1_149' title='bbox 725 1849 799 1991; x_wconf 64' lang='lat' dir='ltr'>brit</span> <span class='ocrx_word' id='word_1_150' title='bbox 814 1923 991 2020; x_wconf 88' lang='lat' dir='ltr'>plurimum</span> <span class='ocrx_word' id='word_1_151' title='bbox 1010 1970 1021 2000; x_wconf 92' lang='lat'>,</span> <span class='ocrx_word' id='word_1_152' title='bbox 1056 1942 1095 1991; x_wconf 89' lang='lat' dir='ltr'>ut</span> <span class='ocrx_word' id='word_1_153' title='bbox 1120 1919 1313 2009; x_wconf 86' lang='lat' dir='ltr'>demonstrat</span> <span class='ocrx_word' id='word_1_154' title='bbox 1336 1923 1492 2017; x_wconf 88' lang='lat' dir='ltr'>Hippoer.</span> <span class='ocrx_word' id='word_1_155' title='bbox 1510 1948 1542 2005; x_wconf 89' lang='lat'>4.</span> <span class='ocrx_word' id='word_1_156' title='bbox 1568 1923 1607 1990; x_wconf 90' lang='lat' dir='ltr'>de</span> <span class='ocrx_word' id='word_1_157' title='bbox 1622 1917 1765 2001; x_wconf 86' lang='lat' dir='ltr'>morbis,</span> 
     </span>
     <span class='ocr_line' id='line_1_16' title="bbox 349 2014 1764 2120; baseline 0.001 -30"><span class='ocrx_word' id='word_1_158' title='bbox 349 2022 454 2090; x_wconf 83' lang='lat' dir='ltr'>&amp;lib</span> <span class='ocrx_word' id='word_1_159' title='bbox 472 2021 678 2090; x_wconf 81' lang='lat' dir='ltr'>deGlandul.</span> <span class='ocrx_word' id='word_1_160' title='bbox 702 2016 753 2091; x_wconf 88' lang='lat' dir='ltr'>sed</span> <span class='ocrx_word' id='word_1_161' title='bbox 773 2023 1013 2091; x_wconf 90' lang='lat' dir='ltr'>incommodum</span> <span class='ocrx_word' id='word_1_162' title='bbox 1028 2021 1089 2091; x_wconf 88' lang='lat' dir='ltr'>hoe</span> <span class='ocrx_word' id='word_1_163' title='bbox 1107 2021 1168 2089; x_wconf 88' lang='lat' dir='ltr'>alia</span> <span class='ocrx_word' id='word_1_164' title='bbox 1185 2024 1420 2117; x_wconf 87' lang='lat' dir='ltr'>opportunitate</span> <span class='ocrx_word' id='word_1_165' title='bbox 1448 2014 1626 2120; x_wconf 76' lang='lat' dir='ltr'>compensat</span> <span class='ocrx_word' id='word_1_166' title='bbox 1653 2027 1687 2091; x_wconf 72' lang='grc' dir='ltr'>δι</span> <span class='ocrx_word' id='word_1_167' title='bbox 1716 2045 1764 2091; x_wconf 78' lang='lat' dir='ltr'>te-</span> 
     </span>
     <span class='ocr_line' id='line_1_17' title="bbox 348 2113 1763 2219; baseline 0.004 -33"><span class='ocrx_word' id='word_1_168' title='bbox 348 2120 460 2188; x_wconf 86' lang='lat' dir='ltr'>dimit.</span> <span class='ocrx_word' id='word_1_169' title='bbox 487 2123 576 2211; x_wconf 83' lang='lat' dir='ltr'>Qria</span> <span class='ocrx_word' id='word_1_170' title='bbox 591 2125 674 2188; x_wconf 86' lang='lat' dir='ltr'>enim</span> <span class='ocrx_word' id='word_1_171' title='bbox 692 2113 840 2218; x_wconf 85' lang='lat' dir='ltr'>superum</span> <span class='ocrx_word' id='word_1_172' title='bbox 860 2120 969 2190; x_wconf 91' lang='lat' dir='ltr'>locum</span> <span class='ocrx_word' id='word_1_173' title='bbox 993 2140 1076 2190; x_wconf 88' lang='lat' dir='ltr'>tenet</span> <span class='ocrx_word' id='word_1_174' title='bbox 1098 2139 1266 2214; x_wconf 84' lang='lat' dir='ltr'>tamquam</span> <span class='ocrx_word' id='word_1_175' title='bbox 1294 2126 1329 2188; x_wconf 91' lang='lat' dir='ltr'>in</span> <span class='ocrx_word' id='word_1_176' title='bbox 1357 2143 1453 2197; x_wconf 88' lang='lat' dir='ltr'>arce,</span> <span class='ocrx_word' id='word_1_177' title='bbox 1488 2125 1523 2190; x_wconf 76' lang='grc' dir='ltr'>δι</span> <span class='ocrx_word' id='word_1_178' title='bbox 1548 2124 1763 2219; x_wconf 87' lang='lat' dir='ltr'>principatum</span> 
     </span>
     <span class='ocr_line' id='line_1_18' title="bbox 348 2212 1771 2316; baseline 0.001 -31"><span class='ocrx_word' id='word_1_179' title='bbox 348 2220 523 2312; x_wconf 85' lang='lat' dir='ltr'>quemdam</span> <span class='ocrx_word' id='word_1_180' title='bbox 539 2224 570 2286; x_wconf 91' lang='lat' dir='ltr'>in</span> <span class='ocrx_word' id='word_1_181' title='bbox 589 2243 746 2314; x_wconf 83' lang='lat' dir='ltr'>corpore,</span> <span class='ocrx_word' id='word_1_182' title='bbox 763 2240 892 2288; x_wconf 79' lang='lat' dir='ltr'>eatenus</span> <span class='ocrx_word' id='word_1_183' title='bbox 911 2212 968 2287; x_wconf 84' lang='lat' dir='ltr'>sest</span> <span class='ocrx_word' id='word_1_184' title='bbox 984 2220 1109 2316; x_wconf 83' lang='lat' dir='ltr'>expedit</span> <span class='ocrx_word' id='word_1_185' title='bbox 1122 2242 1160 2288; x_wconf 91' lang='lat' dir='ltr'>ea</span> <span class='ocrx_word' id='word_1_186' title='bbox 1181 2222 1295 2316; x_wconf 84' lang='lat' dir='ltr'>pituita</span> <span class='ocrx_word' id='word_1_187' title='bbox 1311 2242 1411 2313; x_wconf 85' lang='lat' dir='ltr'>quam</span> <span class='ocrx_word' id='word_1_188' title='bbox 1436 2214 1493 2286; x_wconf 92' lang='lat' dir='ltr'>suo</span> <span class='ocrx_word' id='word_1_189' title='bbox 1519 2238 1618 2287; x_wconf 88' lang='lat' dir='ltr'>marce</span> <span class='ocrx_word' id='word_1_190' title='bbox 1636 2242 1771 2316; x_wconf 60' lang='lat' dir='ltr'>pepere7</span> 
     </span>
     <span class='ocr_line' id='line_1_19' title="bbox 351 2314 1764 2409; baseline 0.002 -26"><span class='ocrx_word' id='word_1_191' title='bbox 351 2335 428 2393; x_wconf 90' lang='lat' dir='ltr'>tar,</span> <span class='ocrx_word' id='word_1_192' title='bbox 461 2336 519 2384; x_wconf 91' lang='lat' dir='ltr'>aut</span> <span class='ocrx_word' id='word_1_193' title='bbox 536 2325 615 2409; x_wconf 88' lang='lat' dir='ltr'>quia</span> <span class='ocrx_word' id='word_1_194' title='bbox 633 2314 847 2397; x_wconf 87' lang='lat' dir='ltr'>imbecillius,</span> <span class='ocrx_word' id='word_1_195' title='bbox 872 2337 933 2385; x_wconf 86' lang='lat' dir='ltr'>aut</span> <span class='ocrx_word' id='word_1_196' title='bbox 949 2319 1011 2386; x_wconf 86' lang='lat' dir='ltr'>alia</span> <span class='ocrx_word' id='word_1_197' title='bbox 1029 2323 1150 2386; x_wconf 90' lang='lat' dir='ltr'>ratione</span> <span class='ocrx_word' id='word_1_198' title='bbox 1169 2363 1177 2383; x_wconf 85' lang='lat'>.</span> <span class='ocrx_word' id='word_1_199' title='bbox 1215 2321 1345 2386; x_wconf 85' lang='lat' dir='ltr'>Horum</span> <span class='ocrx_word' id='word_1_200' title='bbox 1358 2319 1505 2384; x_wconf 90' lang='lat' dir='ltr'>omnium</span> <span class='ocrx_word' id='word_1_201' title='bbox 1532 2337 1764 2408; x_wconf 87' lang='lat' dir='ltr'>argumentum</span> 
     </span>
     <span class='ocr_line' id='line_1_20' title="bbox 350 2409 1771 2512; baseline -0.001 -26"><span class='ocrx_word' id='word_1_202' title='bbox 350 2413 413 2490; x_wconf 82' lang='lat' dir='ltr'>est,</span> <span class='ocrx_word' id='word_1_203' title='bbox 437 2418 635 2508; x_wconf 87' lang='lat' dir='ltr'>quia-quum</span> <span class='ocrx_word' id='word_1_204' title='bbox 655 2411 745 2484; x_wconf 90' lang='lat' dir='ltr'>suam</span> <span class='ocrx_word' id='word_1_205' title='bbox 759 2419 825 2486; x_wconf 86' lang='lat' dir='ltr'>vim</span> <span class='ocrx_word' id='word_1_206' title='bbox 842 2439 907 2483; x_wconf 91' lang='lat' dir='ltr'>non</span> <span class='ocrx_word' id='word_1_207' title='bbox 923 2415 1022 2512; x_wconf 86' lang='lat' dir='ltr'>potest</span> <span class='ocrx_word' id='word_1_208' title='bbox 1036 2436 1183 2488; x_wconf 81' lang='lat' dir='ltr'>exerere,</span> <span class='ocrx_word' id='word_1_209' title='bbox 1207 2420 1242 2482; x_wconf 71' lang='grc' dir='ltr'>δι</span> <span class='ocrx_word' id='word_1_210' title='bbox 1271 2409 1419 2484; x_wconf 86' lang='lat' dir='ltr'>abunere</span> <span class='ocrx_word' id='word_1_211' title='bbox 1436 2417 1635 2510; x_wconf 72' lang='lat' dir='ltr'>opprimitur</span> <span class='ocrx_word' id='word_1_212' title='bbox 1657 2463 1668 2492; x_wconf 93' lang='lat'>,</span> <span class='ocrx_word' id='word_1_213' title='bbox 1694 2410 1771 2485; x_wconf 90' lang='lat' dir='ltr'>sue-.</span> 
     </span>
     <span class='ocr_line' id='line_1_21' title="bbox 350 2509 1757 2612; baseline 0.001 -30"><span class='ocrx_word' id='word_1_214' title='bbox 350 2509 474 2582; x_wconf 76' lang='lat' dir='ltr'>tumbae</span> <span class='ocrx_word' id='word_1_215' title='bbox 493 2514 634 2583; x_wconf 62' lang='lat' dir='ltr'>vidium.</span> <span class='ocrx_word' id='word_1_216' title='bbox 662 2519 748 2583; x_wconf 84' lang='lat' dir='ltr'>Hinc</span> <span class='ocrx_word' id='word_1_217' title='bbox 766 2514 965 2610; x_wconf 80' lang='lat' dir='ltr'>Apopleriae,</span> <span class='ocrx_word' id='word_1_218' title='bbox 990 2515 1165 2612; x_wconf 80' lang='lat' dir='ltr'>Epilepfiae,</span> <span class='ocrx_word' id='word_1_219' title='bbox 1189 2531 1338 2589; x_wconf 85' lang='lat' dir='ltr'>comata,</span> <span class='ocrx_word' id='word_1_220' title='bbox 1361 2513 1525 2590; x_wconf 86' lang='lat' dir='ltr'>catochae,</span> <span class='ocrx_word' id='word_1_221' title='bbox 1549 2536 1622 2606; x_wconf 81' lang='lat' dir='ltr'>qua</span> <span class='ocrx_word' id='word_1_222' title='bbox 1645 2521 1757 2584; x_wconf 83' lang='lat' dir='ltr'>omnia</span> 
     </span>
     <span class='ocr_line' id='line_1_22' title="bbox 351 2607 1845 2710; baseline 0.001 -31"><span class='ocrx_word' id='word_1_223' title='bbox 351 2613 491 2710; x_wconf 81' lang='lat' dir='ltr'>pituitosr</span> <span class='ocrx_word' id='word_1_224' title='bbox 504 2614 649 2680; x_wconf 89' lang='lat' dir='ltr'>humoris</span> <span class='ocrx_word' id='word_1_225' title='bbox 666 2608 794 2682; x_wconf 90' lang='lat' dir='ltr'>cerebro</span> <span class='ocrx_word' id='word_1_226' title='bbox 809 2609 974 2683; x_wconf 79' lang='lat' dir='ltr'>familiaris</span> <span class='ocrx_word' id='word_1_227' title='bbox 990 2608 1062 2681; x_wconf 87' lang='lat' dir='ltr'>sunt</span> <span class='ocrx_word' id='word_1_228' title='bbox 1077 2607 1211 2681; x_wconf 91' lang='lat' dir='ltr'>soboles.</span> <span class='ocrx_word' id='word_1_229' title='bbox 1238 2612 1327 2682; x_wconf 88' lang='lat' dir='ltr'>Nam</span> <span class='ocrx_word' id='word_1_230' title='bbox 1344 2632 1384 2680; x_wconf 92' lang='lat' dir='ltr'>ut</span> <span class='ocrx_word' id='word_1_231' title='bbox 1398 2631 1529 2680; x_wconf 91' lang='lat' dir='ltr'>annotat</span> <span class='ocrx_word' id='word_1_232' title='bbox 1545 2613 1617 2681; x_wconf 88' lang='lat' dir='ltr'>Gal.</span> <span class='ocrx_word' id='word_1_233' title='bbox 1630 2615 1766 2682; x_wconf 81' lang='lat' dir='ltr'>Comm.</span> <span class='ocrx_word' id='word_1_234' title='bbox 1834 2644 1845 2655; x_wconf 89' lang='lat'><strong>·</strong></span> 
     </span>
     <span class='ocr_line' id='line_1_23' title="bbox 353 2707 1766 2807; baseline 0.003 -28"><span class='ocrx_word' id='word_1_235' title='bbox 353 2715 387 2779; x_wconf 89' lang='lat' dir='ltr'>in</span> <span class='ocrx_word' id='word_1_236' title='bbox 407 2712 551 2807; x_wconf 68' lang='lat' dir='ltr'>panicus</span> <span class='ocrx_word' id='word_1_237' title='bbox 575 2707 704 2779; x_wconf 71' lang='lat' dir='ltr'>zolib,</span> <span class='ocrx_word' id='word_1_238' title='bbox 731 2738 757 2778; x_wconf 90' lang='grc' dir='ltr'>ι.</span> <span class='ocrx_word' id='word_1_239' title='bbox 776 2711 924 2780; x_wconf 84' lang='lat' dir='ltr'>Prortbct</span> <span class='ocrx_word' id='word_1_240' title='bbox 951 2711 1075 2781; x_wconf 87' lang='lat' dir='ltr'>Caloris</span> <span class='ocrx_word' id='word_1_241' title='bbox 1089 2708 1134 2780; x_wconf 88' lang='lat' dir='ltr'>ell</span> <span class='ocrx_word' id='word_1_242' title='bbox 1149 2732 1303 2789; x_wconf 84' lang='lat' dir='ltr'>movere,</span> <span class='ocrx_word' id='word_1_243' title='bbox 1338 2715 1372 2780; x_wconf 79' lang='lat' dir='ltr'>de</span> <span class='ocrx_word' id='word_1_244' title='bbox 1399 2735 1462 2778; x_wconf 92' lang='lat' dir='ltr'>non</span> <span class='ocrx_word' id='word_1_245' title='bbox 1480 2711 1575 2781; x_wconf 88' lang='lat' dir='ltr'>sinere</span> <span class='ocrx_word' id='word_1_246' title='bbox 1590 2735 1626 2782; x_wconf 90' lang='lat' dir='ltr'>ea</span> <span class='ocrx_word' id='word_1_247' title='bbox 1643 2707 1766 2806; x_wconf 85' lang='lat' dir='ltr'>quibus</span> 
     </span>
     <span class='ocr_line' id='line_1_24' title="bbox 352 2803 1766 2906; baseline -0.001 -27"><span class='ocrx_word' id='word_1_248' title='bbox 352 2807 432 2879; x_wconf 80' lang='lat' dir='ltr'>inest</span> <span class='ocrx_word' id='word_1_249' title='bbox 446 2803 619 2901; x_wconf 86' lang='lat' dir='ltr'>quiescere,</span> <span class='ocrx_word' id='word_1_250' title='bbox 643 2815 689 2878; x_wconf 88' lang='lat' dir='ltr'>ita</span> <span class='ocrx_word' id='word_1_251' title='bbox 705 2805 832 2902; x_wconf 87' lang='lat' dir='ltr'>frigoris</span> <span class='ocrx_word' id='word_1_252' title='bbox 844 2806 889 2879; x_wconf 80' lang='lat' dir='ltr'>est</span> <span class='ocrx_word' id='word_1_253' title='bbox 907 2831 943 2877; x_wconf 75' lang='lat' dir='ltr'>et</span> <span class='ocrx_word' id='word_1_254' title='bbox 960 2805 1138 2878; x_wconf 82' lang='lat' dir='ltr'>immobilia</span> <span class='ocrx_word' id='word_1_255' title='bbox 1161 2811 1287 2878; x_wconf 89' lang='lat' dir='ltr'>reddere</span> <span class='ocrx_word' id='word_1_256' title='bbox 1309 2812 1343 2877; x_wconf 91' lang='lat' dir='ltr'>in</span> <span class='ocrx_word' id='word_1_257' title='bbox 1371 2805 1493 2903; x_wconf 86' lang='lat' dir='ltr'>quibus</span> <span class='ocrx_word' id='word_1_258' title='bbox 1515 2833 1650 2906; x_wconf 86' lang='lat' dir='ltr'>quoque</span> <span class='ocrx_word' id='word_1_259' title='bbox 1668 2811 1766 2879; x_wconf 83' lang='lat' dir='ltr'>inest.</span> 
     </span>
     <span class='ocr_line' id='line_1_25' title="bbox 355 2900 1766 3004; baseline -0.006 -26"><span class='ocrx_word' id='word_1_260' title='bbox 355 2908 398 2978; x_wconf 73' lang='lat' dir='ltr'>iit</span> <span class='ocrx_word' id='word_1_261' title='bbox 415 2929 520 3000; x_wconf 87' lang='lat' dir='ltr'>quum</span> <span class='ocrx_word' id='word_1_262' title='bbox 536 2910 581 2975; x_wconf 89' lang='lat' dir='ltr'>ita</span> <span class='ocrx_word' id='word_1_263' title='bbox 597 2907 748 2977; x_wconf 71' lang='lat' dir='ltr'>effestum</span> <span class='ocrx_word' id='word_1_264' title='bbox 761 2906 805 2976; x_wconf 85' lang='lat' dir='ltr'>est</span> <span class='ocrx_word' id='word_1_265' title='bbox 821 2900 983 2974; x_wconf 79' lang='lat' dir='ltr'>cerebrum</span> <span class='ocrx_word' id='word_1_266' title='bbox 1003 2927 1041 2975; x_wconf 90' lang='lat' dir='ltr'>ut</span> <span class='ocrx_word' id='word_1_267' title='bbox 1060 2913 1165 2976; x_wconf 77' lang='lat' dir='ltr'>utimar</span> <span class='ocrx_word' id='word_1_268' title='bbox 1191 2907 1224 2974; x_wconf 94' lang='lat' dir='ltr'>in</span> <span class='ocrx_word' id='word_1_269' title='bbox 1249 2909 1304 2975; x_wconf 86' lang='lat' dir='ltr'>lias</span> <span class='ocrx_word' id='word_1_270' title='bbox 1324 2927 1382 2975; x_wconf 87' lang='lat' dir='ltr'>aut</span> <span class='ocrx_word' id='word_1_271' title='bbox 1399 2909 1467 2977; x_wconf 87' lang='lat' dir='ltr'>illas</span> <span class='ocrx_word' id='word_1_272' title='bbox 1487 2930 1615 3004; x_wconf 89' lang='lat' dir='ltr'>partes,</span> <span class='ocrx_word' id='word_1_273' title='bbox 1648 2911 1680 2979; x_wconf 83' lang='lat' dir='ltr'>iel</span> <span class='ocrx_word' id='word_1_274' title='bbox 1699 2908 1766 2997; x_wconf 78' lang='lat' dir='ltr'>p&#39;cr.</span> 
     </span>
     <span class='ocr_line' id='line_1_26' title="bbox 352 2990 1768 3103; baseline 0.005 -33"><span class='ocrx_word' id='word_1_275' title='bbox 352 2997 589 3085; x_wconf 60' lang='lat' dir='ltr'>miellffilrrc</span> <span class='ocrx_word' id='word_1_276' title='bbox 612 3008 675 3074; x_wconf 89' lang='lat' dir='ltr'>diei</span> <span class='ocrx_word' id='word_1_277' title='bbox 692 3004 815 3103; x_wconf 81' lang='lat' dir='ltr'>potest.</span> <span class='ocrx_word' id='word_1_278' title='bbox 840 3005 899 3074; x_wconf 84' lang='lat' dir='ltr'>Sed</span> <span class='ocrx_word' id='word_1_279' title='bbox 918 3005 1012 3096; x_wconf 89' lang='lat' dir='ltr'>longe</span> <span class='ocrx_word' id='word_1_280' title='bbox 1033 2990 1095 3073; x_wconf 83' lang='lat' dir='ltr'>alia</span> <span class='ocrx_word' id='word_1_281' title='bbox 1122 3001 1166 3071; x_wconf 88' lang='lat' dir='ltr'>est</span> <span class='ocrx_word' id='word_1_282' title='bbox 1193 3002 1309 3071; x_wconf 84' lang='lat' dir='ltr'>barum</span> <span class='ocrx_word' id='word_1_283' title='bbox 1337 3027 1453 3074; x_wconf 89' lang='lat' dir='ltr'>vocum</span> <span class='ocrx_word' id='word_1_284' title='bbox 1479 3011 1652 3102; x_wconf 89' lang='lat' dir='ltr'>proprietas</span> <span class='ocrx_word' id='word_1_285' title='bbox 1676 3015 1768 3096; x_wconf 84' lang='lat' dir='ltr'>eujus</span> 
     </span>
     <span class='ocr_line' id='line_1_27' title="bbox 354 3098 1769 3201; baseline -0.002 -29"><span class='ocrx_word' id='word_1_286' title='bbox 354 3111 459 3197; x_wconf 85' lang='lat' dir='ltr'>gratia</span> <span class='ocrx_word' id='word_1_287' title='bbox 476 3105 541 3172; x_wconf 83' lang='lat' dir='ltr'>haec</span> <span class='ocrx_word' id='word_1_288' title='bbox 553 3125 805 3175; x_wconf 88' lang='lat' dir='ltr'>commentamur</span> <span class='ocrx_word' id='word_1_289' title='bbox 822 3125 992 3199; x_wconf 88' lang='lat' dir='ltr'>tamquam</span> <span class='ocrx_word' id='word_1_290' title='bbox 1008 3103 1150 3172; x_wconf 89' lang='lat' dir='ltr'>multum</span> <span class='ocrx_word' id='word_1_291' title='bbox 1168 3098 1334 3199; x_wconf 80' lang='lat' dir='ltr'>profutura</span> <span class='ocrx_word' id='word_1_292' title='bbox 1354 3149 1362 3167; x_wconf 92' lang='lat'><strong>.</strong></span> <span class='ocrx_word' id='word_1_293' title='bbox 1396 3102 1488 3171; x_wconf 91' lang='lat' dir='ltr'>Nam</span> <span class='ocrx_word' id='word_1_294' title='bbox 1504 3107 1630 3201; x_wconf 88' lang='lat' dir='ltr'>proprie</span> <span class='ocrx_word' id='word_1_295' title='bbox 1645 3106 1769 3173; x_wconf 73' lang='lat' dir='ltr'>diathe,</span> 
     </span>
     <span class='ocr_line' id='line_1_28' title="bbox 356 3196 1769 3304; baseline 0.001 -34"><span class='ocrx_word' id='word_1_296' title='bbox 356 3200 587 3287; x_wconf 57' lang='lat' dir='ltr'>aspicimur,</span> <span class='ocrx_word' id='word_1_297' title='bbox 610 3206 651 3273; x_wconf 89' lang='lat' dir='ltr'>ad</span> <span class='ocrx_word' id='word_1_298' title='bbox 669 3225 774 3304; x_wconf 81' lang='lat' dir='ltr'>partes</span> <span class='ocrx_word' id='word_1_299' title='bbox 791 3205 931 3274; x_wconf 83' lang='lat' dir='ltr'>fluxione</span> <span class='ocrx_word' id='word_1_300' title='bbox 946 3222 1082 3274; x_wconf 88' lang='lat' dir='ltr'>tentatas</span> <span class='ocrx_word' id='word_1_301' title='bbox 1097 3222 1198 3294; x_wconf 88' lang='lat' dir='ltr'>eaque</span> <span class='ocrx_word' id='word_1_302' title='bbox 1216 3201 1373 3268; x_wconf 84' lang='lat' dir='ltr'>diuturna</span> <span class='ocrx_word' id='word_1_303' title='bbox 1398 3196 1558 3278; x_wconf 88' lang='lat' dir='ltr'>refertur,</span> <span class='ocrx_word' id='word_1_304' title='bbox 1591 3221 1647 3271; x_wconf 91' lang='lat' dir='ltr'>aut</span> <span class='ocrx_word' id='word_1_305' title='bbox 1661 3225 1769 3297; x_wconf 92' lang='lat' dir='ltr'>quum</span> 
     </span>
     <span class='ocr_line' id='line_1_29' title="bbox 356 3296 1771 3401; baseline -0.001 -31"><span class='ocrx_word' id='word_1_306' title='bbox 356 3324 422 3401; x_wconf 74' lang='lat' dir='ltr'>prae</span> <span class='ocrx_word' id='word_1_307' title='bbox 443 3298 656 3372; x_wconf 80' lang='lat' dir='ltr'>imbecillitate</span> <span class='ocrx_word' id='word_1_308' title='bbox 672 3300 729 3373; x_wconf 88' lang='lat' dir='ltr'>sua</span> <span class='ocrx_word' id='word_1_309' title='bbox 746 3305 806 3374; x_wconf 80' lang='lat' dir='ltr'>five</span> <span class='ocrx_word' id='word_1_310' title='bbox 822 3302 960 3372; x_wconf 86' lang='lat' dir='ltr'>naturali</span> <span class='ocrx_word' id='word_1_311' title='bbox 981 3347 991 3376; x_wconf 84' lang='grc'><strong>,</strong></span> <span class='ocrx_word' id='word_1_312' title='bbox 1023 3304 1084 3373; x_wconf 79' lang='lat' dir='ltr'>five</span> <span class='ocrx_word' id='word_1_313' title='bbox 1113 3296 1266 3370; x_wconf 87' lang='lat' dir='ltr'>adscititia</span> <span class='ocrx_word' id='word_1_314' title='bbox 1287 3319 1362 3369; x_wconf 90' lang='lat' dir='ltr'>nata</span> <span class='ocrx_word' id='word_1_315' title='bbox 1380 3296 1424 3367; x_wconf 85' lang='lat' dir='ltr'>est</span> <span class='ocrx_word' id='word_1_316' title='bbox 1454 3322 1525 3397; x_wconf 88' lang='lat' dir='ltr'>pars</span> <span class='ocrx_word' id='word_1_317' title='bbox 1548 3307 1682 3399; x_wconf 88' lang='lat' dir='ltr'>recipere</span> <span class='ocrx_word' id='word_1_318' title='bbox 1706 3302 1771 3381; x_wconf 69' lang='lat' dir='ltr'>hu,</span> 
     </span>
     <span class='ocr_line' id='line_1_30' title="bbox 355 3394 1771 3494; baseline 0.001 -29"><span class='ocrx_word' id='word_1_319' title='bbox 355 3421 460 3469; x_wconf 84' lang='lat' dir='ltr'>mores</span> <span class='ocrx_word' id='word_1_320' title='bbox 472 3400 597 3466; x_wconf 73' lang='lat' dir='ltr'>abunde</span> <span class='ocrx_word' id='word_1_321' title='bbox 612 3405 779 3469; x_wconf 88' lang='lat' dir='ltr'>influentes</span> <span class='ocrx_word' id='word_1_322' title='bbox 795 3396 911 3492; x_wconf 83' lang='lat' dir='ltr'>eosque</span> <span class='ocrx_word' id='word_1_323' title='bbox 926 3421 1154 3494; x_wconf 88' lang='lat' dir='ltr'>corrumpere,</span> <span class='ocrx_word' id='word_1_324' title='bbox 1180 3398 1269 3488; x_wconf 87' lang='lat' dir='ltr'>quod</span> <span class='ocrx_word' id='word_1_325' title='bbox 1285 3421 1355 3485; x_wconf 83' lang='lat' dir='ltr'>¹non</span> <span class='ocrx_word' id='word_1_326' title='bbox 1373 3394 1509 3473; x_wconf 65' lang='lat' dir='ltr'>bceret,</span> <span class='ocrx_word' id='word_1_327' title='bbox 1545 3400 1599 3466; x_wconf 87' lang='lat' dir='ltr'>nili</span> <span class='ocrx_word' id='word_1_328' title='bbox 1616 3406 1677 3485; x_wconf 79' lang='lat' dir='ltr'>jam</span> <span class='ocrx_word' id='word_1_329' title='bbox 1697 3423 1771 3468; x_wconf 88' lang='lat' dir='ltr'>rua·</span> 
     </span>
     <span class='ocr_line' id='line_1_31' title="bbox 356 3490 1768 3590; baseline -0.003 -23"><span class='ocrx_word' id='word_1_330' title='bbox 356 3501 431 3567; x_wconf 88' lang='lat' dir='ltr'>lum</span> <span class='ocrx_word' id='word_1_331' title='bbox 448 3491 599 3563; x_wconf 87' lang='lat' dir='ltr'>habitum</span> <span class='ocrx_word' id='word_1_332' title='bbox 611 3497 823 3573; x_wconf 74' lang='lat' dir='ltr'>contraxisset,</span> <span class='ocrx_word' id='word_1_333' title='bbox 836 3504 953 3583; x_wconf 75' lang='lat' dir='ltr'>&amp;iam</span> <span class='ocrx_word' id='word_1_334' title='bbox 969 3499 1000 3564; x_wconf 93' lang='lat' dir='ltr'>in</span> <span class='ocrx_word' id='word_1_335' title='bbox 1023 3491 1203 3582; x_wconf 75' lang='lat' dir='ltr'>p&#39;riuarnlul</span> <span class='ocrx_word' id='word_1_336' title='bbox 1224 3490 1458 3590; x_wconf 83' lang='lat' dir='ltr'>dispositionem</span> <span class='ocrx_word' id='word_1_337' title='bbox 1469 3494 1649 3567; x_wconf 78' lang='lat' dir='ltr'>devenisset.</span> <span class='ocrx_word' id='word_1_338' title='bbox 1677 3497 1768 3563; x_wconf 84' lang='lat' dir='ltr'>Prio-</span> 
     </span>
     <span class='ocr_line' id='line_1_32' title="bbox 356 3587 1767 3697; baseline -0.001 -36"><span class='ocrx_word' id='word_1_339' title='bbox 356 3621 424 3666; x_wconf 86' lang='lat' dir='ltr'>rem</span> <span class='ocrx_word' id='word_1_340' title='bbox 441 3595 593 3673; x_wconf 89' lang='lat' dir='ltr'>modum,</span> <span class='ocrx_word' id='word_1_341' title='bbox 618 3619 729 3697; x_wconf 90' lang='lat' dir='ltr'>nempe</span> <span class='ocrx_word' id='word_1_342' title='bbox 746 3597 838 3691; x_wconf 91' lang='lat' dir='ltr'>quod</span> <span class='ocrx_word' id='word_1_343' title='bbox 853 3619 925 3694; x_wconf 87' lang='lat' dir='ltr'>pars</span> <span class='ocrx_word' id='word_1_344' title='bbox 942 3598 1084 3665; x_wconf 85' lang='lat' dir='ltr'>fluxione</span> <span class='ocrx_word' id='word_1_345' title='bbox 1098 3594 1239 3663; x_wconf 89' lang='lat' dir='ltr'>multum</span> <span class='ocrx_word' id='word_1_346' title='bbox 1252 3613 1373 3664; x_wconf 88' lang='lat' dir='ltr'>tentata</span> <span class='ocrx_word' id='word_1_347' title='bbox 1390 3593 1518 3663; x_wconf 85' lang='lat' dir='ltr'>candent</span> <span class='ocrx_word' id='word_1_348' title='bbox 1534 3596 1567 3661; x_wconf 91' lang='lat' dir='ltr'>in</span> <span class='ocrx_word' id='word_1_349' title='bbox 1586 3587 1767 3681; x_wconf 58' lang='lat' dir='ltr'>demorati</span> 
     </span>
     <span class='ocr_line' id='line_1_33' title="bbox 357 3685 1770 3793; baseline 0.002 -37"><span class='ocrx_word' id='word_1_350' title='bbox 357 3689 490 3776; x_wconf 47' lang='lat' dir='ltr'>&amp;deun</span> <span class='ocrx_word' id='word_1_351' title='bbox 514 3696 676 3775; x_wconf 78' lang='lat' dir='ltr'>deveniat,</span> <span class='ocrx_word' id='word_1_352' title='bbox 699 3699 834 3793; x_wconf 83' lang='lat' dir='ltr'>explicat</span> <span class='ocrx_word' id='word_1_353' title='bbox 859 3696 960 3765; x_wconf 88' lang='lat' dir='ltr'>Galen</span> <span class='ocrx_word' id='word_1_354' title='bbox 989 3719 1057 3791; x_wconf 88' lang='lat' dir='ltr'>cap.</span> <span class='ocrx_word' id='word_1_355' title='bbox 1086 3716 1137 3777; x_wconf 89' lang='lat'>¹7·</span> <span class='ocrx_word' id='word_1_356' title='bbox 1156 3685 1211 3761; x_wconf 86' lang='lat' dir='ltr'>lib.</span> <span class='ocrx_word' id='word_1_357' title='bbox 1234 3714 1265 3759; x_wconf 86' lang='lat'>2.</span> <span class='ocrx_word' id='word_1_358' title='bbox 1289 3692 1447 3762; x_wconf 77' lang='lat' dir='ltr'>dedisset.</span> <span class='ocrx_word' id='word_1_359' title='bbox 1470 3687 1549 3763; x_wconf 87' lang='lat' dir='ltr'>sebr.</span> <span class='ocrx_word' id='word_1_360' title='bbox 1567 3715 1672 3786; x_wconf 92' lang='lat' dir='ltr'>quum</span> <span class='ocrx_word' id='word_1_361' title='bbox 1698 3696 1770 3761; x_wconf 84' lang='lat' dir='ltr'>ait:</span> 
     </span>
     <span class='ocr_line' id='line_1_34' title="bbox 361 3785 1769 3891; baseline -0.001 -32"><span class='ocrx_word' id='word_1_362' title='bbox 361 3840 386 3871; x_wconf 93' lang='lat'><strong>„</strong></span> <span class='ocrx_word' id='word_1_363' title='bbox 410 3794 442 3859; x_wconf 87' lang='lat' dir='ltr'>Si</span> <span class='ocrx_word' id='word_1_364' title='bbox 461 3793 578 3861; x_wconf 77' lang='lat' dir='ltr'>desnat</span> <span class='ocrx_word' id='word_1_365' title='bbox 598 3795 699 3866; x_wconf 81' lang='lat' dir='ltr'>fluxio</span> <span class='ocrx_word' id='word_1_366' title='bbox 718 3800 728 3880; x_wconf 89' lang='lat'>(</span> <span class='ocrx_word' id='word_1_367' title='bbox 748 3817 785 3865; x_wconf 94' lang='lat' dir='ltr'>ut</span> <span class='ocrx_word' id='word_1_368' title='bbox 799 3803 862 3885; x_wconf 77' lang='lat' dir='ltr'>jam</span> <span class='ocrx_word' id='word_1_369' title='bbox 877 3799 908 3863; x_wconf 91' lang='lat' dir='ltr'>in</span> <span class='ocrx_word' id='word_1_370' title='bbox 935 3813 1056 3891; x_wconf 85' lang='lat' dir='ltr'>partem</span> <span class='ocrx_word' id='word_1_371' title='bbox 1080 3786 1270 3864; x_wconf 87' lang='lat' dir='ltr'>imbecillam</span> <span class='ocrx_word' id='word_1_372' title='bbox 1298 3791 1349 3859; x_wconf 93' lang='lat' dir='ltr'>nil</span> <span class='ocrx_word' id='word_1_373' title='bbox 1366 3785 1558 3878; x_wconf 87' lang='lat' dir='ltr'>descendat)</span> <span class='ocrx_word' id='word_1_374' title='bbox 1584 3794 1662 3887; x_wconf 89' lang='lat' dir='ltr'>quia</span> <span class='ocrx_word' id='word_1_375' title='bbox 1682 3791 1769 3874; x_wconf 79' lang='lat' dir='ltr'>calor</span> 
     </span>
    </p>
   </div>
   <div class='ocr_carea' id='block_1_3' title="bbox 359 3881 1770 4056">
    <p class='ocr_par' dir='ltr' id='par_1_3' title="bbox 359 3881 1770 4056">
     <span class='ocr_line' id='line_1_35' title="bbox 359 3881 1770 4056; baseline 0.001 -101"><span class='ocrx_word' id='word_1_376' title='bbox 359 3938 385 3970; x_wconf 92' lang='lat'>„</span> <span class='ocrx_word' id='word_1_377' title='bbox 409 3889 622 4056; x_wconf 49' lang='lat' dir='ltr'>malusguttis</span> <span class='ocrx_word' id='word_1_378' title='bbox 639 3896 749 3963; x_wconf 87' lang='lat' dir='ltr'>desinit</span> <span class='ocrx_word' id='word_1_379' title='bbox 766 3921 775 3963; x_wconf 74' lang='grc' dir='ltr'><strong>ε</strong></span> <span class='ocrx_word' id='word_1_380' title='bbox 800 3902 834 3963; x_wconf 88' lang='lat'><strong>&amp;</strong></span> <span class='ocrx_word' id='word_1_381' title='bbox 858 3888 1016 3990; x_wconf 81' lang='lat' dir='ltr'>dispositio</span> <span class='ocrx_word' id='word_1_382' title='bbox 1033 3894 1130 3987; x_wconf 88' lang='lat' dir='ltr'>partis</span> <span class='ocrx_word' id='word_1_383' title='bbox 1146 3881 1334 3985; x_wconf 87' lang='lat' dir='ltr'>suscipientis</span> <span class='ocrx_word' id='word_1_384' title='bbox 1359 3889 1533 3962; x_wconf 82' lang='lat' dir='ltr'>fluxionem</span> <span class='ocrx_word' id='word_1_385' title='bbox 1546 3910 1739 3986; x_wconf 79' lang='lat' dir='ltr'>¹perniorcat</span> <span class='ocrx_word' id='word_1_386' title='bbox 1756 3936 1770 3968; x_wconf 95' lang='lat'>,</span> 
     </span>
    </p>
   </div>
   <div class='ocr_carea' id='block_1_4' title="bbox 321 3982 1773 4485">
    <p class='ocr_par' dir='ltr' id='par_1_4' title="bbox 321 3982 1773 4485">
     <span class='ocr_line' id='line_1_36' title="bbox 357 3982 1772 4090; baseline 0.001 -35"><span class='ocrx_word' id='word_1_387' title='bbox 357 3988 491 4069; x_wconf 89' lang='lat' dir='ltr'>„idem</span> <span class='ocrx_word' id='word_1_388' title='bbox 545 3985 683 4085; x_wconf 76' lang='lat' dir='ltr'>seipienti</span> <span class='ocrx_word' id='word_1_389' title='bbox 699 3996 798 4090; x_wconf 92' lang='lat' dir='ltr'>parti,</span> <span class='ocrx_word' id='word_1_390' title='bbox 823 3993 912 4085; x_wconf 90' lang='lat' dir='ltr'>quod</span> <span class='ocrx_word' id='word_1_391' title='bbox 930 3996 964 4062; x_wconf 77' lang='grc' dir='ltr'>δι</span> <span class='ocrx_word' id='word_1_392' title='bbox 981 3993 1115 4059; x_wconf 87' lang='lat' dir='ltr'>mittenti</span> <span class='ocrx_word' id='word_1_393' title='bbox 1134 3992 1221 4085; x_wconf 87' lang='lat' dir='ltr'>ptius</span> <span class='ocrx_word' id='word_1_394' title='bbox 1243 3982 1475 4063; x_wconf 78' lang='lat' dir='ltr'>conveniebat,</span> <span class='ocrx_word' id='word_1_395' title='bbox 1508 3988 1646 4058; x_wconf 83' lang='lat' dir='ltr'>accidit.</span> <span class='ocrx_word' id='word_1_396' title='bbox 1680 3990 1772 4057; x_wconf 91' lang='lat' dir='ltr'>Nam</span> 
     </span>
     <span class='ocr_line' id='line_1_37' title="bbox 359 4080 1772 4188; baseline -0.003 -32"><span class='ocrx_word' id='word_1_397' title='bbox 359 4136 383 4168; x_wconf 94' lang='lat'><strong>„</strong></span> <span class='ocrx_word' id='word_1_398' title='bbox 404 4108 600 4158; x_wconf 83' lang='lat' dir='ltr'>excrementa</span> <span class='ocrx_word' id='word_1_399' title='bbox 616 4092 743 4184; x_wconf 82' lang='lat' dir='ltr'>colliget</span> <span class='ocrx_word' id='word_1_400' title='bbox 758 4139 770 4171; x_wconf 94' lang='lat'>,</span> <span class='ocrx_word' id='word_1_401' title='bbox 795 4097 829 4161; x_wconf 81' lang='grc' dir='ltr'>δι</span> <span class='ocrx_word' id='word_1_402' title='bbox 853 4095 930 4185; x_wconf 88' lang='lat' dir='ltr'>quia</span> <span class='ocrx_word' id='word_1_403' title='bbox 944 4113 1064 4188; x_wconf 86' lang='lat' dir='ltr'>pravus</span> <span class='ocrx_word' id='word_1_404' title='bbox 1077 4091 1109 4156; x_wconf 94' lang='lat' dir='ltr'>in</span> <span class='ocrx_word' id='word_1_405' title='bbox 1125 4112 1161 4157; x_wconf 91' lang='lat' dir='ltr'>ea</span> <span class='ocrx_word' id='word_1_406' title='bbox 1179 4086 1327 4157; x_wconf 69' lang='lat' dir='ltr'>collebius</span> <span class='ocrx_word' id='word_1_407' title='bbox 1343 4081 1468 4181; x_wconf 88' lang='lat' dir='ltr'>sanguis</span> <span class='ocrx_word' id='word_1_408' title='bbox 1485 4133 1496 4165; x_wconf 92' lang='lat'>,</span> <span class='ocrx_word' id='word_1_409' title='bbox 1529 4091 1565 4158; x_wconf 74' lang='grc' dir='ltr'>δι</span> <span class='ocrx_word' id='word_1_410' title='bbox 1589 4092 1669 4181; x_wconf 83' lang='lat' dir='ltr'>quia</span> <span class='ocrx_word' id='word_1_411' title='bbox 1683 4080 1772 4155; x_wconf 73' lang='lat' dir='ltr'>debi-</span> 
     </span>
     <span class='ocr_line' id='line_1_38' title="bbox 321 4184 1768 4287; baseline -0.009 -23"><span class='ocrx_word' id='word_1_412' title='bbox 321 4215 325 4220; x_wconf 92' lang='grc'><em>·</em></span> <span class='ocrx_word' id='word_1_413' title='bbox 361 4233 386 4266; x_wconf 75' lang='grc'>,,</span> <span class='ocrx_word' id='word_1_414' title='bbox 408 4187 450 4255; x_wconf 91' lang='lat' dir='ltr'>lis</span> <span class='ocrx_word' id='word_1_415' title='bbox 464 4187 525 4256; x_wconf 87' lang='lat' dir='ltr'>cst.</span> <span class='ocrx_word' id='word_1_416' title='bbox 553 4190 645 4258; x_wconf 80' lang='lat' dir='ltr'>adeo</span> <span class='ocrx_word' id='word_1_417' title='bbox 662 4212 699 4259; x_wconf 89' lang='lat' dir='ltr'>ut</span> <span class='ocrx_word' id='word_1_418' title='bbox 716 4215 798 4260; x_wconf 89' lang='lat' dir='ltr'>onus</span> <span class='ocrx_word' id='word_1_419' title='bbox 816 4195 922 4287; x_wconf 90' lang='lat' dir='ltr'>potins</span> <span class='ocrx_word' id='word_1_420' title='bbox 940 4191 977 4258; x_wconf 83' lang='lat' dir='ltr'>fir</span> <span class='ocrx_word' id='word_1_421' title='bbox 992 4184 1118 4281; x_wconf 90' lang='lat' dir='ltr'>sanguis</span> <span class='ocrx_word' id='word_1_422' title='bbox 1143 4191 1175 4257; x_wconf 90' lang='lat' dir='ltr'>in</span> <span class='ocrx_word' id='word_1_423' title='bbox 1199 4210 1237 4256; x_wconf 88' lang='lat' dir='ltr'>ea</span> <span class='ocrx_word' id='word_1_424' title='bbox 1259 4206 1426 4255; x_wconf 86' lang='lat' dir='ltr'>contentus</span> <span class='ocrx_word' id='word_1_425' title='bbox 1444 4209 1545 4281; x_wconf 90' lang='lat' dir='ltr'>quarn</span> <span class='ocrx_word' id='word_1_426' title='bbox 1563 4186 1768 4255; x_wconf 87' lang='lat' dir='ltr'>alimentum.</span> 
     </span>
     <span class='ocr_line' id='line_1_39' title="bbox 353 4285 1772 4384; baseline -0.005 -26"><span class='ocrx_word' id='word_1_427' title='bbox 353 4290 403 4358; x_wconf 85' lang='lat' dir='ltr'>-Et</span> <span class='ocrx_word' id='word_1_428' title='bbox 420 4288 482 4356; x_wconf 91' lang='lat' dir='ltr'>hoc</span> <span class='ocrx_word' id='word_1_429' title='bbox 495 4286 539 4355; x_wconf 85' lang='lat' dir='ltr'>est</span> <span class='ocrx_word' id='word_1_430' title='bbox 559 4291 591 4354; x_wconf 93' lang='lat' dir='ltr'>in</span> <span class='ocrx_word' id='word_1_431' title='bbox 615 4287 792 4375; x_wconf 59' lang='lat' dir='ltr'>pirunteus&amp;</span> <span class='ocrx_word' id='word_1_432' title='bbox 805 4285 935 4369; x_wconf 54' lang='lat' dir='ltr'>ildino</span> <span class='ocrx_word' id='word_1_433' title='bbox 959 4287 1110 4359; x_wconf 88' lang='lat' dir='ltr'>devenisse</span> <span class='ocrx_word' id='word_1_434' title='bbox 1128 4337 1137 4354; x_wconf 89' lang='lat'><strong>.</strong></span> <span class='ocrx_word' id='word_1_435' title='bbox 1173 4290 1214 4355; x_wconf 85' lang='lat' dir='ltr'>Et</span> <span class='ocrx_word' id='word_1_436' title='bbox 1237 4288 1399 4384; x_wconf 88' lang='lat' dir='ltr'>corruptio</span> <span class='ocrx_word' id='word_1_437' title='bbox 1425 4309 1498 4379; x_wconf 79' lang='lat' dir='ltr'>que</span> <span class='ocrx_word' id='word_1_438' title='bbox 1522 4286 1610 4381; x_wconf 92' lang='lat' dir='ltr'>ptius</span> <span class='ocrx_word' id='word_1_439' title='bbox 1628 4305 1701 4359; x_wconf 75' lang='lat' dir='ltr'>crat</span> <span class='ocrx_word' id='word_1_440' title='bbox 1717 4301 1772 4380; x_wconf 86' lang='lat' dir='ltr'>per</span> 
     </span>
     <span class='ocr_line' id='line_1_40' title="bbox 361 4377 1773 4485; baseline 0 -31"><span class='ocrx_word' id='word_1_441' title='bbox 361 4387 497 4454; x_wconf 89' lang='lat' dir='ltr'>modum</span> <span class='ocrx_word' id='word_1_442' title='bbox 516 4388 697 4464; x_wconf 86' lang='lat' dir='ltr'>linitionis,</span> <span class='ocrx_word' id='word_1_443' title='bbox 727 4411 813 4456; x_wconf 90' lang='lat' dir='ltr'>nunc</span> <span class='ocrx_word' id='word_1_444' title='bbox 832 4386 876 4456; x_wconf 85' lang='lat' dir='ltr'>est</span> <span class='ocrx_word' id='word_1_445' title='bbox 892 4411 947 4485; x_wconf 87' lang='lat' dir='ltr'>per</span> <span class='ocrx_word' id='word_1_446' title='bbox 960 4390 1094 4458; x_wconf 74' lang='lat' dir='ltr'>nimium</span> <span class='ocrx_word' id='word_1_447' title='bbox 1121 4388 1329 4479; x_wconf 81' lang='lat' dir='ltr'>generationis</span> <span class='ocrx_word' id='word_1_448' title='bbox 1360 4388 1393 4453; x_wconf 91' lang='lat' dir='ltr'>in</span> <span class='ocrx_word' id='word_1_449' title='bbox 1422 4404 1509 4481; x_wconf 87' lang='lat' dir='ltr'>parte</span> <span class='ocrx_word' id='word_1_450' title='bbox 1531 4378 1595 4481; x_wconf 86' lang='lat' dir='ltr'>ipsa</span> <span class='ocrx_word' id='word_1_451' title='bbox 1618 4377 1773 4466; x_wconf 83' lang='lat' dir='ltr'>imbecilla</span> 
     </span>
    </p>
   </div>
   <div class='ocr_carea' id='block_1_5' title="bbox 357 4472 1774 4575">
    <p class='ocr_par' dir='ltr' id='par_1_5' title="bbox 357 4472 1915 4578">
     <span class='ocr_line' id='line_1_41' title="bbox 357 4472 1774 4575; baseline -0.004 -20"><span class='ocrx_word' id='word_1_452' title='bbox 357 4485 503 4563; x_wconf 88' lang='lat' dir='ltr'>reddita,</span> <span class='ocrx_word' id='word_1_453' title='bbox 529 4484 798 4575; x_wconf 64' lang='lat' dir='ltr'>&amp;congestionis</span> <span class='ocrx_word' id='word_1_454' title='bbox 825 4487 895 4553; x_wconf 88' lang='lat' dir='ltr'>Nec</span> <span class='ocrx_word' id='word_1_455' title='bbox 908 4482 1009 4555; x_wconf 88' lang='lat' dir='ltr'>solum</span> <span class='ocrx_word' id='word_1_456' title='bbox 1025 4488 1057 4554; x_wconf 82' lang='lat' dir='ltr'>iil</span> <span class='ocrx_word' id='word_1_457' title='bbox 1073 4480 1115 4554; x_wconf 91' lang='lat' dir='ltr'>ab</span> <span class='ocrx_word' id='word_1_458' title='bbox 1128 4504 1327 4554; x_wconf 83' lang='lat' dir='ltr'>excremento</span> <span class='ocrx_word' id='word_1_459' title='bbox 1335 4483 1467 4554; x_wconf 71' lang='lat' dir='ltr'>milesio</span> <span class='ocrx_word' id='word_1_460' title='bbox 1477 4486 1533 4562; x_wconf 82' lang='lat' dir='ltr'>sit,</span> <span class='ocrx_word' id='word_1_461' title='bbox 1556 4477 1607 4550; x_wconf 92' lang='lat' dir='ltr'>sed</span> <span class='ocrx_word' id='word_1_462' title='bbox 1622 4488 1718 4552; x_wconf 89' lang='lat' dir='ltr'>etiarn</span> <span class='ocrx_word' id='word_1_463' title='bbox 1729 4472 1774 4547; x_wconf 88' lang='lat' dir='ltr'>ab</span> 
     </span>
    </p>
   </div>
   <div class='ocr_carea' id='block_1_6' title="bbox 353 4579 1772 5174">
    <p class='ocr_par' dir='ltr' id='par_1_6' title="bbox 353 4579 1772 5174">
     <span class='ocr_line' id='line_1_42' title="bbox 363 4579 1770 4680; baseline -0.006 -26"><span class='ocrx_word' id='word_1_464' title='bbox 363 4580 586 4680; x_wconf 87' lang='lat' dir='ltr'>alimentoipso</span> <span class='ocrx_word' id='word_1_465' title='bbox 594 4580 1088 4679; x_wconf 89' lang='lat' dir='ltr'>quodcorrumpiturobvitium</span> <span class='ocrx_word' id='word_1_466' title='bbox 1098 4602 1188 4653; x_wconf 87' lang='lat' dir='ltr'>vetus</span> <span class='ocrx_word' id='word_1_467' title='bbox 1198 4581 1398 4651; x_wconf 70' lang='lat' dir='ltr'>torrefactum</span> <span class='ocrx_word' id='word_1_468' title='bbox 1415 4604 1435 4648; x_wconf 90' lang='lat' dir='ltr'>a</span> <span class='ocrx_word' id='word_1_469' title='bbox 1449 4583 1603 4649; x_wconf 87' lang='lat' dir='ltr'>diuturna</span> <span class='ocrx_word' id='word_1_470' title='bbox 1612 4579 1770 4667; x_wconf 86' lang='lat' dir='ltr'>defluxio-</span> 
     </span>
     <span class='ocr_line' id='line_1_43' title="bbox 365 4673 1770 4781; baseline -0.001 -35"><span class='ocrx_word' id='word_1_471' title='bbox 365 4730 388 4761; x_wconf 88' lang='lat'>‚‚</span> <span class='ocrx_word' id='word_1_472' title='bbox 413 4682 566 4749; x_wconf 87' lang='lat' dir='ltr'>ne.ldem</span> <span class='ocrx_word' id='word_1_473' title='bbox 578 4686 699 4780; x_wconf 86' lang='lat' dir='ltr'>plenius</span> <span class='ocrx_word' id='word_1_474' title='bbox 708 4684 841 4781; x_wconf 84' lang='lat' dir='ltr'>explicat</span> <span class='ocrx_word' id='word_1_475' title='bbox 853 4682 960 4751; x_wconf 84' lang='lat' dir='ltr'>Gale.</span> <span class='ocrx_word' id='word_1_476' title='bbox 979 4682 1058 4765; x_wconf 59' lang='lat' dir='ltr'>recl.</span> <span class='ocrx_word' id='word_1_477' title='bbox 1076 4703 1105 4747; x_wconf 89' lang='lat'>2.</span> <span class='ocrx_word' id='word_1_478' title='bbox 1118 4673 1770 4774; x_wconf 73' lang='lat' dir='ltr'>dediffifcb.Perplethoramautcacoeliy-</span> 
     </span>
     <span class='ocr_line' id='line_1_44' title="bbox 362 4771 1769 4875; baseline -0.004 -30"><span class='ocrx_word' id='word_1_479' title='bbox 362 4828 386 4861; x_wconf 85' lang='lat'>‚,</span> <span class='ocrx_word' id='word_1_480' title='bbox 414 4780 509 4845; x_wconf 90' lang='lat' dir='ltr'>miam</span> <span class='ocrx_word' id='word_1_481' title='bbox 518 4771 1769 4875; x_wconf 72' lang='lat' dir='ltr'>partesinsirmiffimaeautlirysipelate,autherpete,autaliomorbotentantur,</span> 
     </span>
     <span class='ocr_line' id='line_1_45' title="bbox 363 4869 1767 4977; baseline -0.008 -30"><span class='ocrx_word' id='word_1_482' title='bbox 363 4928 388 4961; x_wconf 90' lang='lat'>„</span> <span class='ocrx_word' id='word_1_483' title='bbox 413 4898 473 4947; x_wconf 86' lang='lat' dir='ltr'>aut</span> <span class='ocrx_word' id='word_1_484' title='bbox 491 4873 608 4946; x_wconf 82' lang='lat' dir='ltr'>habent</span> <span class='ocrx_word' id='word_1_485' title='bbox 627 4881 713 4951; x_wconf 87' lang='lat' dir='ltr'>illam</span> <span class='ocrx_word' id='word_1_486' title='bbox 731 4906 831 4977; x_wconf 91' lang='lat' dir='ltr'>quarn</span> <span class='ocrx_word' id='word_1_487' title='bbox 847 4882 960 4950; x_wconf 91' lang='lat' dir='ltr'>dieunt</span> <span class='ocrx_word' id='word_1_488' title='bbox 986 4869 1300 4963; x_wconf 49' lang='lat' dir='ltr'>fflroirp&#39;ruuarnlcl.</span> <span class='ocrx_word' id='word_1_489' title='bbox 1328 4876 1428 4968; x_wconf 75' lang='lat' dir='ltr'>Qlod</span> <span class='ocrx_word' id='word_1_490' title='bbox 1446 4902 1511 4947; x_wconf 90' lang='lat' dir='ltr'>non</span> <span class='ocrx_word' id='word_1_491' title='bbox 1527 4878 1678 4969; x_wconf 76' lang='lat' dir='ltr'>signifitat</span> <span class='ocrx_word' id='word_1_492' title='bbox 1695 4874 1767 4937; x_wconf 76' lang='lat' dir='ltr'>fin-</span> 
     </span>
     <span class='ocr_line' id='line_1_46' title="bbox 353 4968 1772 5081; baseline -0.008 -36"><span class='ocrx_word' id='word_1_493' title='bbox 353 4978 487 5081; x_wconf 87' lang='lat' dir='ltr'>·pliciter</span> <span class='ocrx_word' id='word_1_494' title='bbox 505 4996 609 5075; x_wconf 88' lang='lat' dir='ltr'>partes</span> <span class='ocrx_word' id='word_1_495' title='bbox 624 4982 667 5049; x_wconf 90' lang='lat' dir='ltr'>ita</span> <span class='ocrx_word' id='word_1_496' title='bbox 685 5002 884 5079; x_wconf 88' lang='lat' dir='ltr'>comparatas</span> <span class='ocrx_word' id='word_1_497' title='bbox 900 4980 957 5051; x_wconf 83' lang='lat' dir='ltr'>ess&#39;e</span> <span class='ocrx_word' id='word_1_498' title='bbox 976 4998 1014 5053; x_wconf 91' lang='lat' dir='ltr'>ut</span> <span class='ocrx_word' id='word_1_499' title='bbox 1029 4978 1158 5049; x_wconf 86' lang='lat' dir='ltr'>aliunde</span> <span class='ocrx_word' id='word_1_500' title='bbox 1182 4978 1352 5073; x_wconf 88' lang='lat' dir='ltr'>recipiant,</span> <span class='ocrx_word' id='word_1_501' title='bbox 1377 4969 1428 5044; x_wconf 91' lang='lat' dir='ltr'>sed</span> <span class='ocrx_word' id='word_1_502' title='bbox 1459 4982 1524 5064; x_wconf 75' lang='lat' dir='ltr'>jam</span> <span class='ocrx_word' id='word_1_503' title='bbox 1557 4968 1614 5042; x_wconf 93' lang='lat' dir='ltr'>suo</span> <span class='ocrx_word' id='word_1_504' title='bbox 1645 4970 1772 5059; x_wconf 77' lang='lat' dir='ltr'>ingenio</span> 
     </span>
     <span class='ocr_line' id='line_1_47' title="bbox 467 5066 1729 5174; baseline 0.002 -29"><span class='ocrx_word' id='word_1_505' title='bbox 467 5077 611 5145; x_wconf 73' lang='lat' dir='ltr'>Basienis</span> <span class='ocrx_word' id='word_1_506' title='bbox 618 5080 715 5174; x_wconf 84' lang='lat' dir='ltr'>Oper.</span> <span class='ocrx_word' id='word_1_507' title='bbox 725 5082 851 5158; x_wconf 76' lang='lat' dir='ltr'>Tamus</span> <span class='ocrx_word' id='word_1_508' title='bbox 860 5085 890 5149; x_wconf 88' lang='grc' dir='ltr'>Ι.</span> <span class='ocrx_word' id='word_1_509' title='bbox 923 5155 927 5163; x_wconf 63' lang='grc'><strong>,</strong></span> <span class='ocrx_word' id='word_1_510' title='bbox 1155 5070 1160 5080; x_wconf 74' lang='grc'><strong><em>’</em></strong></span> <span class='ocrx_word' id='word_1_511' title='bbox 1284 5075 1341 5165; x_wconf 74' lang='lat' dir='ltr'>Q</span> <span class='ocrx_word' id='word_1_512' title='bbox 1374 5095 1388 5158; x_wconf 80' lang='lat'><em>3</em></span> <span class='ocrx_word' id='word_1_513' title='bbox 1639 5066 1729 5147; x_wconf 86' lang='lat' dir='ltr'>(licet</span> 
     </span>
    </p>
   </div>
   <div class='ocr_carea' id='block_1_7' title="bbox 0 0 2295 5844">
    <p class='ocr_par' dir='ltr' id='par_1_7' title="bbox 0 0 2295 5844">
     <span class='ocr_line' id='line_1_48' title="bbox 0 0 2295 5844; baseline 0 0"><span class='ocrx_word' id='word_1_514' title='bbox 0 0 2295 5844; x_wconf 95' lang='lat' dir='ltr'> </span> 
     </span>
    </p>
   </div>
  </div>
 </body>
</html>
