4534 5850
550 493 558 528 2
679 477 751 553 DE
775 470 935 550 coNv
953 470 1306 568 ULsioNinus
1331 479 1426 550 L'lB.
1596 474 1609 518 ³
1630 500 1698 568 317

311 612 425 699 silete,
449 633 522 690 tum
540 609 586 688 ob
598 618 832 690 ooiilrulsificum
852 615 1044 689 tensionem,
1059 632 1133 685 tum
1151 609 1196 684 ob
1215 610 1437 688 resulutionem
1466 639 1541 712 quae
1572 621 1727 710 contingit

310 723 370 789 urii
387 712 605 789 mul'culorum
622 718 730 787 oculor
741 715 981 787 claudentiuni.
996 715 1079 782 -Hoc
1105 715 1214 785 multis
1243 718 1360 784 mirum
1388 717 1512 785 videtur
1539 710 1660 810 quibus
1682 713 1727 784 est
1808 798 1816 813 l

308 823 421 914 potius
433 810 579 887 credibile
594 812 685 887 istam
699 816 930 886 coiitorsionem
947 834 968 881 a
983 811 1122 881 tenfione
1138 815 1339 884 convulstlica
1356 815 1434 895 eise,
1452 838 1554 909 quam
1573 839 1592 884 a
1611 809 1726 886 resolu-

306 921 397 985 tione
415 909 546 987 musculi
569 962 579 984 .
610 913 673 988 Sed
690 912 870 1012 quaestionis
891 913 990 999 hujus
1014 903 1131 981 solutio
1154 903 1197 980 ab
1223 913 1389 1008 interprete
1413 922 1439 978 e·
1460 914 1653 1006 npoyrocndi
1679 935 1727 984 rc.

307 1014 457 1110 petenda.
517 1069 520 1074 .
1695 1058 1696 1061 =
1764 1083 1765 1086 ,

358 1114 405 1182 ilc
419 1118 486 1202 jam
502 1137 545 1184 an
561 1139 627 1186 non
645 1134 719 1185 vere
734 1109 899 1182 convulso
916 1107 974 1180 ‘elle
993 1100 1106 1207 posfit‚
1130 1110 1179 1176 uti
1196 1103 1240 1176 esl
1258 1105 1358 1180 visum
1379 1108 1427 1178 isli
1447 1114 1624 1189 neoterico,
1650 1133 1725 1208 ape·

306 1212 459 1281 riundum
475 1210 536 1293 elli
560 1234 650 1292 vere,
672 1217 827 1303 inquam,
846 1209 1010 1280 convulsio
1025 1207 1082 1276 nisi
1090 1203 1446 1279 manifestusfitmotus.
1462 1207 1627 1278 Definitut
1640 1213 1726 1281 ‘enim

307 1328 413 1381 motui
429 1305 608 1398 ἐπισήμως
631 1301 849 1378 musculorum
868 1302 972 1379 versus
997 1301 1092 1376 suum
1110 1309 1319 1404 principium.
1342 1312 1389 1378 Ac
1405 1308 1513 1400 arguit
1544 1307 1729 1406 Fallopium

307 1410 344 1477 δι
360 1430 412 1478 eos
430 1409 489 1501 qui
506 1399 642 1477 resoluta
658 1425 746 1504 parte
764 1412 799 1477 δι
817 1429 883 1477 una
898 1407 1030 1475 alteram
1047 1408 1174 1502 proprie
1197 1408 1331 1479 convelli
1360 1425 1502 1507 putant,
1526 1409 1624 1500 quod
1649 1430 1730 1475 con-

303 1505 459 1576 vulsionis
474 1499 628 1598 quasdam
643 1501 823 1576 immobiles
832 1499 1025 1576 comminisci
1042 1504 1226 1576 videantur.
1247 1511 1296 1577 Ac
1315 1510 1457 1604 primunr
1476 1527 1515 1574 eii
1537 1501 1631 1574 Celso
1648 1509 1724 1574 citat

302 1603 391 1684 aliud
407 1602 464 1673 elle
482 1608 638 1698 rigorem,
652 1605 740 1674 aliud
756 1603 970 1674 distensionem
990 1627 1182 1676 nervorum:
1218 1608 1269 1676 Ut
1294 1607 1326 1672 in
1351 1605 1507 1702 Epileplia
1534 1608 1721 1674 &tortura

301 1705 368 1773 oris
387 1724 460 1777 vere
478 1701 516 1773 sit
531 1703 694 1777 convulfio
712 1707 746 1774 δι
764 1702 910 1772 distentio
925 1705 1033 1780 nervi,
1060 1705 1094 1770 in
1110 1704 1236 1773 Tetano
1252 1722 1360 1773 autern
1381 1704 1503 1772 &aliis
1519 1697 1646 1773 duabus
1654 1699 1722 1801 spe

303 1794 414 1874 ciebis
431 1824 496 1870 non
514 1803 551 1870 sit
566 1824 638 1877 vere
652 1795 808 1880 occule,
832 1820 872 1871 ut
888 1802 1030 1870 Tetanus
1045 1804 1080 1869 lic
1097 1801 1166 1870 alia
1183 1795 1382 1900 duaespecies
1398 1802 1437 1870 ad
1462 1808 1621 1896 rigorem,
1652 1825 1718 1869 non

301 1901 345 1969 ad
359 1899 598 1973 convulsionem
612 1919 817 1974 revocentur.
842 1899 984 1994 Indeque
1002 1900 1036 1968 id
1055 1895 1203 1993 consequi
1224 1900 1448 2000 putantquod
1466 1924 1531 1968 non
1548 1901 1721 1971 litmotus.

301 1998 403 2094 Quod
426 1999 449 2066 si
464 2017 572 2070 motus
588 2001 665 2070 defit
683 2002 717 2068 in
734 2023 771 2069 ea
787 1999 1000 2070 contractione
1024 2020 1100 2093 quae
1113 2001 1224 2068 accidit
1255 2024 1294 2070 ex
1315 2001 1450 2072 vulnere
1463 2001 1724 2097 capitisinteritu-
1813 2036 1818 2045 ·

302 2099 366 2182 ris,
386 2116 445 2167 aut
461 2100 496 2166 in
511 2119 548 2168 ea
564 2123 640 2196 quae
656 2121 694 2168 ex
711 2100 886 2196 praecisione
903 2093 1035 2169 musculi
1051 2102 1177 2179 evcnit,
1201 2100 1315 2168 desinit
1329 2121 1459 2194 quoque
1484 2119 1557 2171 vera
1572 2098 1628 2170 esse
1644 2118 1721 2167 con-

306 2195 426 2274 vulsio.
445 2197 596 2270 Praeter
613 2218 840 2292 argumentum
858 2197 956 2270 ncffit
967 2221 1005 2268 eii
1024 2215 1133 2289 etymo
1147 2191 1215 2295 ipso
1234 2247 1243 2266 .
1279 2200 1421 2268 Tetanus
1439 2199 1523 2267 enim
1549 2195 1604 2264 l’nl
1625 2180 1721 2261 salic

299 2292 465 2365 derivatur
471 2291 557 2377 ,viiic
574 2294 630 2364 uui
647 2294 678 2359 ii
693 2294 844 2374 ultrum,
867 2315 901 2366 at
916 2289 1123 2381 alarinum&
1140 2295 1262 2361 arcium
1271 2298 1365 2386 longe
1388 2290 1580 2392 discrepant:
1612 2296 1711 2363 Teta-

298 2412 363 2462 nus
382 2397 495 2553 itaque
514 2402 640 2491 proprie
650 2394 911 2472 convulsi0‚non
926 2392 969 2462 est
987 2441 994 2459 .
1015 2395 1057 2461 Et
1081 2393 1245 2463 concludit
1259 2393 1288 2458 vl
1302 2393 1343 2477 ql
1356 2393 1481 2472 meriaci
1502 2413 1627 2462 motum
1644 2391 1721 2469 esse,

298 2486 330 2552 cl
350 2488 394 2566 ηῗ
417 2516 436 2555 a
451 2510 487 2572 re
503 2486 646 2558 semlai
666 2544 672 2558 .
691 2493 741 2562 Sic
759 2511 869 2563 motus
886 2495 925 2562 de
939 2488 1063 2560 essentia
1079 2492 1294 2562 convulfionis
1311 2489 1442 2560 exsistit.
1461 2495 1501 2561 Et
1518 2488 1545 2554 ri
1561 2491 1723 2566 micum,

298 2579 420 2680 absque
439 2604 531 2659 motu
550 2614 615 2658 non
633 2589 694 2658 est:
717 2588 746 2662 ,π’
769 2587 802 2654 u·
826 2585 977 2670 rcnluldaoi
1001 2608 1130 2659 contra:
1154 2586 1212 2660 ubi
1233 2597 1345 2685 itaque
1362 2583 1569 2660 immobilitas
1591 2585 1653 2666 est,
1677 2585 1722 2656 ibi
1740 2634 1770 2684 ,ο
1791 2624 1867 2701 Em

299 2679 388 2754 abest
403 2686 585 2756 convulsio.
602 2689 730 2757 Contra
753 2687 825 2756 licet
840 2682 976 2777 objicere
991 2687 1073 2756 illud
1107 2692 1330 2788 Hippocratis:
1355 2690 1415 2758 llle
1439 2692 1523 2758 enim
1547 2712 1619 2757 eam
1640 2690 1722 2756 inter
1737 2671 1876 2768 Galenus·

395 2784 459 2874 ysin
475 2787 510 2852 dc
528 2785 764 2854 convulsionem
777 2782 889 2852 statuit
905 2786 1146 2864 differentiam,
1171 2806 1209 2857 ut
1239 2788 1405 2859 convulsio
1434 2788 1462 2851 cl
1490 2787 1528 2869 al
1548 2780 1621 2853 airu
1646 2787 1723 2855 exsi-
1737 2803 1798 2858 cca·
1844 2805 1879 2870 4·

349 2897 383 2960 t,
407 2885 442 2953 δι
458 2881 604 2979 paralysis
621 2881 692 2964 αἠῐ
701 2874 785 2945 λύσει
811 2929 819 2948 .
852 2885 968 2975 Quum
982 2883 1049 2951 avii
1072 2881 1267 2981 praepetibus
1281 2889 1335 2954 alis
1353 2893 1386 2956 in
1400 2910 1468 2957 aere
1478 2880 1610 2956 subnixa
1621 2887 1723 2967 volat,
1736 2871 1785 2937 Μ·
1824 2880 1859 2935 do

296 2979 415 3052 dicitur
435 2978 492 3050 else
515 2978 595 3062 tiri
619 2974 707 3046 πίσεα.
728 2980 839 3049 Galen.
859 3000 967 3049 autern
991 2972 1048 3046 lib.
1073 2980 1113 3047 de
1137 3000 1229 3050 motu
1256 2976 1473 3052 musculorum
1504 2984 1565 3051 hoc
1591 2990 1723 3081 proprio
1736 2958 1792 3094 '⁵33'
1810 2952 1857 3054 ,ὰ

299 3083 431 3150 nomine
454 3096 547 3153 vocat
563 3072 649 3158 π’νοι,
674 3083 709 3148 &
726 3071 827 3143 alren
858 3074 955 3144 mituli
971 3070 1123 3164 ejusmodi
1138 3077 1313 3149 abbionem.
1337 3081 1509 3151 Contentio
1524 3084 1641 3148 enimae
1664 3105 1724 3152 ua·
1738 3054 1844 3118 mm

298 3175 347 3247 lis
367 3177 411 3249 est
429 3174 580 3250 facultate
595 3178 724 3249 animali
745 3195 855 3270 vegeta
873 3199 913 3247 ac
927 3177 1048 3248 erecta:
1074 3174 1124 3247 sed
1140 3203 1247 3275 quuiii
1266 3180 1331 3248 telo
1350 3178 1414 3249 isla
1429 3201 1564 3277 praecepi
1577 3106 1723 3260 dcvdlar',

297 3272 388 3361 sicii*
419 3272 506 3344 ulcu
523 3275 580 3348 elle
597 3278 735 3347 dicitur.
763 3277 962 3346 facultatum
978 3280 1063 3348 enim
1083 3275 1126 3347 cll
1142 3273 1250 3349 obitus
1268 3283 1302 3349 δι
1321 3280 1432 3348 ruina.
1452 3278 1572 3371 illaque
1595 3295 1725 3345 conten-

300 3380 350 3444 tio
368 3375 521 3444 naturalis
542 3378 669 3472 petrium
693 3370 818 3444 sublata
839 3371 903 3443 est.
931 3379 1009 3444 Item
1028 3401 1133 3469 quum
1153 3381 1229 3471 aegri
1243 3374 1463 3447 decumbentes
1495 3376 1611 3445 redeam
1636 3376 1724 3469 figu-

297 3495 371 3542 ram
390 3475 549 3552 retinent,
570 3468 729 3545 facultatis
743 3476 872 3566 integre
892 3472 1017 3566 signum
1036 3476 1066 3543 id
1083 3476 1215 3550 exsistit5
1233 3499 1339 3570 quum
1360 3500 1436 3548 vcro
1451 3475 1490 3545 ad
1509 3476 1601 3572 pedes
1612 3476 1723 3545 devol-

297 3589 423 3646 vuntur
437 3593 480 3642 ac
501 3573 732 3670 projiciuntur,
756 3596 823 3641 non
836 3578 900 3660 jam
914 3574 1052 3670 amplius
1075 3574 1160 3643 allio
1174 3573 1236 3653 cll,
1261 3570 1311 3645 sed
1328 3569 1476 3643 morbosa
1504 3572 1648 3651 cistilio,
1673 3577 1726 3640 ina

298 3672 436 3740 clinante
460 3692 497 3741 ac
517 3664 722 3744 occumbente
739 3666 904 3741 facultate·
932 3673 1030 3742 Unde
1047 3672 1101 3743 ista
1117 3669 1219 3759 ἷρῥιψις
1244 3681 1269 3759 >5
1301 3680 1322 3737 i
1357 3670 1462 3761 iipbpoi
1479 3666 1657 3750 aiclxmrc,
1692 3681 1720 3757 ᾖ

299 3763 332 3849 iil
370 3763 481 3842 culnia
509 3767 761 3849 εἵᾳκεκαμμιία,
795 3767 1132 3856 plurinum,
1164 3792 1220 3841 aur
1251 3775 1450 3848 inreritum,
1480 3777 1538 3841 alit
1571 3794 1722 3864 magnam

273 3869 468 3963 ‘perniciem
484 3861 635 3961 praesagio
655 3870 798 3962 quodarn
824 3868 993 3937 indicant.
1021 3871 1164 3940 Tollitur
1188 3877 1271 3940 enini
1298 3876 1322 3952 ᾖ,
1345 3866 1445 3955 iliaci&
1470 3866 1720 3965 edelr-partium,

296 3970 333 4052 ξι
353 3956 441 4036 aelric
459 3971 485 4049 ᾗ
500 3957 625 4037 θάνατος
643 3959 776 4037 succedit
797 4017 804 4031 .
826 3964 888 4035 illa
906 3987 1011 4036 autem
1030 3963 1123 4046 τάσις,
1148 3991 1221 4063 quar
1239 3965 1293 4035 luel
1313 3952 1337 4030 l
1368 3963 1509 4033 crineum
1539 3969 1728 4045 derivatum,

295 4061 476 4157 aliquando
494 4062 649 4133 naturalis
663 4064 709 4136 est
732 4112 743 4145 ,
764 4065 940 4159 aliquando
964 4085 1074 4135 contra
1093 4085 1267 4146 naturam,
1300 4085 1339 4135 ut
1374 4058 1523 4130 diessen
1539 4066 1647 4148 πνιηῖ,
1680 4086 1720 4136 ue

299 4164 332 4231 in
349 4160 572 4243 consumme,
595 4186 650 4232 nec
665 4165 778 4233 desinit
797 4184 904 4234 motus
922 4166 1036 4260 aliquis
1051 4163 1107 4235 esse
1128 4160 1179 4235 sed
1199 4160 1435 4235 subobscurus.
1463 4165 1594 4231 inflexio
1610 4184 1722 4236 autern

297 4262 437 4357 corporis
451 4261 571 4356 duplex
589 4261 654 4343 cll,
673 4288 738 4335 una
754 4264 836 4333 mala
852 4268 886 4330 le
913 4258 1042 4335 summae
1059 4259 1251 4335 infirmitatis
1284 4265 1428 4359 lignum,
1456 4257 1606 4331 nesciente
1633 4287 1727 4359 agro-

298 4382 363 4453 qua
383 4360 488 4451 ligura
504 4351 562 4425 sese
581 4382 770 4457 componat.
800 4363 898 4436 Unde
922 4369 956 4435 δι
978 4357 1153 4449 ip'liliclgrl
1169 4354 1535 4446 εγμσπλεγμὺονκακᾶν.
1565 4363 1638 4433 Alia
1666 4364 1727 4444 ,cib

299 4460 427 4528 inflexio
444 4451 571 4526 roboris
595 4478 716 4529 natura:
741 4464 834 4531 index
860 4485 914 4558 per
937 4466 1170 4532 contentionem
1203 4463 1376 4557 quamdam
1412 4455 1645 4529 musculorum.
1678 4467 1721 4532 [t

296 4579 334 4641 ea
357 4549 442 4625 bona
457 4554 517 4635 est,
534 4554 736 4642 immolarit
753 4562 943 4629 ventriculos
956 4553 1111 4651 quosdam
1125 4565 1292 4628 excretioiii
1310 4578 1479 4630 ventorum
1489 4561 1522 4623 lic
1543 4582 1722 4629 excremen-

297 4674 408 4741 torum
422 4654 572 4726 idoneos.
597 4659 674 4727 ldoo
692 4656 868 4728 Aristoteles
876 4653 1000 4727 dicebat
1008 4657 1119 4724 melius
1134 4658 1192 4726 elle
1201 4652 1318 4726 cubare
1332 4655 1453 4724 inflexo
1468 4678 1598 4753 corpore
1613 4678 1717 4752 ‘quain

295 4759 440 4825 intento.
456 4752 581 4825 inflexo
596 4780 727 4854 corpore
738 4802 750 4835 ‚
772 4760 861 4826 locus
885 4759 980 4825 datur
997 4750 1147 4824 flatibus.
1169 4760 1305 4826 Extento
1324 4753 1410 4822 nulla
1427 4777 1560 4825 caverna
1581 4753 1717 4839 ejusmo-

293 4856 328 4935 di
349 4848 450 4951 potest
466 4851 566 4945 adigi.
588 4857 711 4927 Locum
729 4860 814 4927 enim
829 4858 937 4925 omnia
945 4849 1058 4926 viscera
1068 4855 1249 4951 complent,
1261 4855 1377 4923 inflexo
1386 4851 1576 4923 laxantur&
1587 4857 1715 4922 fiiiuan·
1875 4919 1882 4932 ,

294 4972 369 5035 tur.
397 4952 501 5022 Locus
515 4953 565 5025 liic
583 4951 860 5056 preclaruspiobl.
884 4979 912 5044 3.
930 4949 988 5030 lib.
1002 4960 1034 5025 6.
1054 4947 1163 5028 Probi.
1181 4951 1327 5029 Arisblit
1348 4952 1436 5049 apud
1454 4952 1528 5023 Gal.
1540 4945 1716 5015 :aulierat
1729 4982 1784 5040 Ad
1801 4982 1870 5060 ‘pb‘

1587 5072 1664 5114 σου·
1727 5077 1760 5125 2.
1781 5066 1869 5140 nis.

1738 3820 1878 3888 Meiga-
