4534 5850
627 465 703 539 '320
905 441 1726 520 euiirininiisouii

577 617 600 655 „
625 575 919 670 quo&neivorum
929 575 1116 664 ligamenta.
1145 565 1241 635 Unde
1258 571 1424 641 ventriculi
1441 570 1548 638 contin
1572 566 1808 661 staffeffioqt'te'
1828 562 2005 646 seracula

422 717 494 786 cap.
503 716 544 788 ⁶7
575 680 611 744 δι
625 675 769 761 cicrprri
792 695 947 747 vocatur.
964 673 1178 762 Quamquam
1199 663 1346 742 temnit
1361 714 1373 748 ,
1391 674 1426 738 δε
1445 591 1708 739 iiausealiundam
1732 668 1902 738 ventriculi
1926 669 2000 739 affc-

417 751 556 857 pnbaio:
575 771 713 844 &ionem
728 776 899 868 significat,
924 774 1127 863 &appetitus
1152 755 1358 833 abolitionem
1372 769 1492 837 Donati
1501 769 1671 865 opinione,
1703 782 1742 835 ut
1765 765 1851 854 idem
1866 770 2005 839 omnino.

415 874 545 952 Hippus.
574 897 639 941 non
657 873 788 967 sitquod
801 864 973 946 induruit.
994 869 1106 934 Latine
1120 856 1270 958 supinitas
1287 867 1452 936 ventriculi
1466 867 1654 935 redditur&
1664 856 1842 938 subverso.
1869 870 1997 960 Qsam·

417 955 511 1018 ΒΜ·
572 995 673 1064 quam
688 996 803 1041 nomm
828 960 981 1043 ὁπτιασμέ
1003 969 1037 1030 in
1061 983 1099 1030 ea
1124 962 1350 1051 significatione
1368 989 1435 1033 non
1456 963 1485 1032 le
1510 967 1573 1034 'tur
1595 963 1684 1061 apud
1708 965 1812 1063 Hipp.
1831 959 1887 1034 sed
1912 965 1997 1037 aliter

413 1038 535 1178 gfff·
570 1064 657 1140 fibro
680 1071 719 1139 de
743 1066 909 1140 fraauris.
934 1064 1096 1154 Significat
1107 1062 1192 1128 enim
1216 1053 1326 1146 κρανία
1344 1061 1427 1141 ureb
1450 988 1519 1141 mill
1534 1054 1691 1142 mmai,
1715 1085 1826 1157 quum
1836 1064 1895 1136 diu
1925 1089 1994 1165 puri

442 1143 488 1188 ’ἢ
571 1169 672 1241 veluti
696 1163 807 1266 supina
823 1167 935 1254 jacuit.
960 1164 992 1232 si
1007 1164 1116 1254 itaque
1141 1161 1333 1232 ventriculus
1359 1165 1501 1256 primurn
1516 1161 1643 1232 laxatur
1666 1180 1765 1254 arque
1790 1162 1993 1248 dissolvitur,

569 1264 623 1338 sed
640 1267 753 1336 deinde
778 1258 911 1364 seipsum
929 1260 1080 1354 colligens
1104 1254 1318 1339 constrinxit,
1342 1261 1459 1356 duplex
1491 1265 1624 1330 omnino
1642 1278 1749 1329 motus
1780 1262 1840 1334 esse
1868 1258 1992 1336 videbi·

568 1383 641 1435 tur:
665 1365 800 1459 ideoque
823 1385 894 1436 vere
918 1357 1168 1434 convulsionon
1189 1354 1252 1425 ell.
1278 1358 1350 1429 Nisi
1374 1362 1447 1453 quis
1470 1363 1554 1430 dieat
1577 1355 1797 1432 distentionem
1813 1385 1988 1436 nervorum

568 1463 681 1557 (quae
707 1467 824 1534 Grecis
847 1454 990 1534 σπασμδς
1015 1457 1132 1526 dicitur
1159 1460 1170 1545 )
1196 1462 1231 1530 &
1255 1457 1504 1528 coiitraslioiiem
1525 1465 1560 1528 δι
1595 1461 1808 1530 extentionem
1834 1463 1988 1556 significa·

567 1584 620 1630 re.
648 1563 720 1631 Nisi
743 1565 826 1630 enim
853 1557 1046 1627 distentionis
1059 1576 1177 1623 nomen
1201 1557 1448 1628 coiitraslioncm
1473 1558 1613 1652 aliquam
1639 1558 1843 1652 significaret,
1868 1558 1987 1646 frustra

567 1682 684 1732 nomen
709 1654 841 1735 masuic
867 1658 977 1726 Latine
992 1652 1137 1723 disienno
1152 1654 1356 1726 redderetur.
1384 1658 1431 1728 At
1452 1657 1546 1750 longe
1570 1657 1660 1727 aliter
1684 1679 1730 1726 res
1752 1651 1866 1728 liabet.
1888 1658 1987 1729 Nam

568 1780 677 1850 quum
687 1754 1184 1829 ventriculusnimiahumiditatc
1199 1754 1337 1850 irriguus
1353 1756 1500 1835 laxatur,
1516 1781 1580 1824 non
1591 1756 1860 1829 convellitur.Sed
1871 1751 1984 1851 quum

565 1855 696 1934 molesta
715 1854 918 1931 estmateria‚
942 1853 1096 1946 qualitate
1104 1855 1211 1949 potius
1225 1878 1325 1948 quani
1339 1858 1517 1948 quantitate
1541 1850 1703 1932 infestans,
1726 1873 1800 1924 tum
1817 1848 1878 1926 sese
1895 1858 1985 1925 eolli-

564 1977 660 2047 gens,
684 1957 763 2024 dum
787 1972 929 2024 excutere
953 1972 1020 2021 rem
1046 1949 1209 2020 molestam
1233 1973 1397 2031 conatur,
1421 1955 1618 2046 fingultiendi
1635 1951 1824 2023 occationem
1856 1956 1982 2028 affert.

562 2055 725 2126 Audiatur
743 2053 815 2121 Gal.
841 2071 901 2120 tres
926 2050 1083 2143 singultus
1104 2045 1216 2120 causas
1239 2047 1406 2149 pluresque
1429 2051 1584 2146 asiignans
1608 2057 1642 2122 δι
1662 2053 1740 2122 duas
1757 2072 1890 2122 tantum
1903 2077 1980 2127 vera

563 2197 591 2232 „
612 2151 843 2223 convulsionis.
868 2153 939 2242 Ego
963 2152 996 2217 in
1020 2150 1227 2219 convulsione
1252 2154 1377 2222 tertiam
1401 2147 1528 2222 causam
1553 2171 1664 2250 praeter
1696 2155 1911 2220 inanitionem
1946 2158 1979 2225 dt

562 2250 816 2347 „repletionem
841 2250 987 2317 nondum
1012 2252 1127 2346 reperi:
1153 2249 1328 2342 singiltum
1352 2273 1428 2326 vero
1442 2252 1506 2321 sine
1532 2251 1580 2320 liis
1605 2253 1672 2321 sieri
1697 2251 1790 2321 video
1813 2298 1825 2329 ,
1848 2245 1975 2322 aeribus

561 2394 586 2429 „
610 2342 820 2426 humoribus,
843 2368 900 2417 aut
917 2340 1039 2429 strosis,
1065 2367 1123 2417 aut
1139 2350 1368 2420 medicamentis
1394 2349 1590 2421 stomachum
1601 2344 1840 2426 mordentibus,
1861 2345 1974 2447 quibus

560 2493 584 2528 „
600 2449 725 2535 'rejetfilis
743 2447 835 2517 cessat
858 2445 1039 2533 singultus.
1067 2451 1107 2516 Et
1123 2442 1196 2518 cibo
1216 2450 1391 2519 mordacem
1410 2451 1596 2544 qualitatem
1621 2449 1717 2518 nadlo
1734 2447 1896 2541 singultus
1904 2475 1974 2520 con-

496 2597 506 2617 .
559 2593 583 2626 „
609 2550 725 2641 tingit.
745 2549 785 2618 Et
802 2546 869 2614 aliis
884 2545 977 2613 locis:
1002 2547 1172 2640 Singultus
1196 2546 1239 2616 est
1253 2548 1437 2622 convulsiva
1456 2551 1518 2617 oris
1535 2548 1698 2619 ventriculi
1714 2546 1864 2626 affectio,
1887 2549 1972 2643 quod

506 2681 517 2704 ·
560 2692 584 2725 ,‚
608 2669 644 2714 os
667 2645 718 2717 vel
742 2644 920 2714 humorum
936 2648 1033 2742 copia
1049 2664 1219 2736 gravatur,
1244 2647 1293 2712 vel
1318 2647 1510 2720 mordetur,
1542 2643 1593 2711 vel
1617 2660 1748 2739 propter
1766 2643 1970 2739 frigiditatem

438 2762 446 2779 ·
475 2764 481 2774 '
505 2761 517 2785 ⁶
559 2790 583 2823 „
606 2742 831 2815 contristatur.
859 2745 974 2813 nisiex
999 2746 1102 2835 rigore
1115 2745 1178 2809 oris
1195 2742 1357 2813 ventriculi
1375 2742 1583 2835 singultiunt.
1609 2744 1650 2809 Et
1675 2745 1766 2838 pueri
1785 2744 1971 2839 fiiigiiltiunt

502 2843 513 2869 ⁸
557 2889 581 2922 ,‚
608 2864 679 2912 tum
697 2837 742 2911 ob
765 2866 856 2912 cortu
896 2845 1000 2911 ionem
1025 2841 1165 2911 'alimenti
1182 2843 1215 2910 in
1240 2839 1536 2920 ventricu10,tum
1553 2832 1597 2908 ob
1621 2844 1721 2937 partis
1745 2837 1969 2940 frigiditatem.

554 2946 595 3011 In
611 2967 681 3038 quo
704 2943 845 3013 Galenus
860 2859 1015 3013 Pbifariam
1038 2942 1140 3040 decipi
1154 2941 1297 3013 videtur.
1322 2934 1447 3012 Serosus
1463 2940 1582 3010 humor
1602 2988 1613 3018 ,
1637 2959 1694 3010 sut
1744 2944 1812 3041 iper
1836 2948 1872 3013 in
1897 2968 1970 3019 ven-

554 3045 670 3112 triculo
694 3042 907 3119 dissolutum,
932 3062 991 3111 aut
1016 3044 1188 3138 corruptio
1221 3041 1362 3111 alimenti
1388 3040 1428 3110 ad
1452 3041 1653 3137 repletionem
1679 3063 1711 3110 te
1782 3062 1861 3137 ntur
1886 3094 1895 3110 .
1920 3047 1970 3117 Sic

552 3138 668 3211 frustra
691 3149 818 3213 tertiam
841 3141 927 3209 illam
951 3140 1105 3232 singultus
1129 3133 1256 3209 eausam
1279 3141 1448 3208 confinxit·
1475 3142 1642 3232 Denique,
1667 3139 1689 3205 fi
1713 3143 1803 3207 tertia
1827 3140 1968 3215 haecfia.

553 3250 659 3309 ruitur
678 3242 833 3333 fingultus
851 3234 967 3315 causa,
992 3240 1102 3308 todem
1126 3240 1225 3306 modo
1251 3242 1285 3307 δι
1310 3240 1403 3306 tertia
1428 3260 1507 3309 verae
1532 3238 1738 3308 convulsionis
1754 3232 1850 3306 causa
1884 3244 1980 3335 poni.

551 3338 712 3434 statuique
729 3336 845 3437 potest.
871 3339 961 3407 Nam
977 3360 1055 3407 aura
1078 3354 1160 3407 tetra
1193 3332 1311 3407 inferne
1335 3335 1419 3406 elata
1450 3332 1559 3406 feriens
1582 3327 1744 3408 cerebrum
1767 3339 1804 3406 &
1835 3342 1966 3409 convel.

553 3438 636 3507 lendi
650 3438 839 3514 occasionem
863 3439 1007 3515 afferens,
1032 3460 1088 3507 nec
1107 3437 1149 3506 ad
1174 3435 1390 3536 repletionem,
1415 3459 1471 3506 nec
1496 3438 1537 3506 ad
1562 3437 1766 3506 inanitionem
1783 3430 1961 3511 referetur.

550 3539 632 3605 Item
651 3540 725 3607 sieri
739 3534 854 3630 frigore
873 3534 1036 3608 convulsio
1050 3539 1224 3631 contingit,
1249 3559 1319 3630 quo
1340 3536 1437 3621 modo
1452 3560 1489 3605 eii
1507 3540 1610 3629 rigore
1626 3540 1660 3603 δι
1683 3530 1800 3629 frigore
1816 3540 1962 3608 orisven-

550 3636 656 3703 triculi
679 3636 840 3728 smgultus,
859 3638 963 3704 oritur
984 3682 995 3715 ,
1020 3659 1061 3703 an
1093 3636 1136 3703 ad
1160 3635 1381 3731 repletionem,
1407 3658 1448 3705 an
1473 3635 1514 3705 ad
1547 3636 1753 3705 inanitionem
1774 3632 1961 3706 revocabilis

548 3728 611 3801 esti
636 3734 669 3801 Si
691 3735 840 3827 quaed'am
857 3739 948 3813 tertia
971 3728 1063 3802 causa
1088 3736 1154 3804 hac
1172 3729 1401 3810 constituitur,
1438 3756 1457 3803 a
1483 3728 1579 3831 seipse>
1602 3734 1742 3802 Galenus
1756 3727 1923 3819 ¹dislidebit
1948 3787 1957 3804 .

389 3856 473 3915 conr.
487 3854 528 3911 aa
548 3874 572 3910 ,ι
601 3834 711 3923 Hujus
727 3831 794 3903 haee
815 3825 914 3904 verba
937 3827 1028 3901 sunt:
1053 3832 1155 3924 Quod
1182 3851 1258 3905 vero
1281 3854 1319 3900 eir
1338 3831 1531 3929 plenitudine
1545 3835 1661 3925 jugiter
1679 3830 1821 3916 saort&
1830 3836 1959 3914 Gracc,

385 3931 465 4024 dib.
476 3947 526 4008 i3.
541 3975 565 4012 ‚,
586 3926 716 4004 anbene
725 3932 876 4005 reddatur
890 3933 1018 4011 Latine,
1027 3932 1191 4018 videatur)
1202 3930 1422 4023 singultusfiat
1432 3978 1444 4011 ,
1455 3933 1590 4001 indicant
1598 3933 1689 4029 pueri
1701 3924 1835 4011 crebro,
1846 3937 1953 4027 quum

385 4011 438 4074 Μ·
446 4024 476 4081 ⁶·
546 4077 571 4111 „
595 4025 670 4102 sunt
686 4034 818 4129 repleti,
835 4032 1067 4126 snrgultientts.
1095 4031 1200 4123 Rigor
1218 4050 1325 4100 autem
1350 4035 1384 4100 &
1407 4027 1569 4126 frigiditas.
1584 4034 1689 4099 omnis
1713 4052 1816 4122 quum
1839 4052 1971 4123 nervo-¹

419 4145 441 4173 ²·
503 4171 509 4182 ·
543 4123 578 4193 sis
601 4151 734 4224 corpora
756 4130 896 4199 difficilia
918 4132 960 4197 ad
976 4126 1169 4199 difflandum
1186 4130 1338 4206 reddant,
1362 4124 1455 4199 causi
1471 4125 1542 4220 sunt
1566 4150 1604 4199 ut
1620 4129 1825 4226 repleantur,
1850 4146 1950 4222 atque

313 4228 317 4236 '
541 4223 615 4292 ideo
632 4228 664 4292 in
676 4226 747 4322 ipsis
763 4227 970 4317 singultiunt,
997 4227 1048 4292 hie
1064 4244 1167 4296 textus
1181 4220 1325 4295 bifariam
1342 4229 1574 4298 contraGalcn.
1591 4225 1677 4299 facit.
1695 4224 1784 4320 Nam
1801 4228 1949 4320 &exem
1966 4244 1968 4248 ·

541 4319 598 4415 plo
621 4335 794 4417 'puerorum
812 4323 904 4389 docet
923 4345 944 4390 a
967 4323 1135 4417 repletione
1152 4322 1327 4414 singultum
1341 4322 1418 4392 cife:
1443 4328 1565 4398 Tamen
1581 4323 1693 4427 paullo
1711 4342 1791 4418 ante¹
1812 4325 1941 4397 adducit

451 4449 459 4462 ·
539 4416 628 4486 idem
646 4418 686 4487 dc
704 4420 809 4515 pueris
824 4420 1005 4517 exemplum
1024 4435 1061 4487 ut
1079 4422 1205 4487 tertiam
1224 4420 1319 4505 aliam
1338 4416 1463 4493 eausam
1487 4450 1506 4496 a
1531 4428 1723 4526 repletione,
1747 4428 1783 4495 δι
1807 4417 1850 4493 ab
1875 4428 1944 4497 ina-

539 4520 664 4596 nitione
688 4514 825 4588 astruat.
850 4518 1012 4598 Secundo,
1035 4519 1117 4587 dum
1134 4513 1233 4613 frigus
1251 4523 1461 4615 strigorem,
1479 4529 1585 4596 Graece
1602 4517 1638 4589 ri
1655 4519 1750 4614 splot,
1773 4523 1866 4619 quod
1884 4548 1943 4623 po-

539 4616 605 4684 tius
622 4618 724 4709 rigens
736 4612 838 4711 frigus
854 4636 914 4687 aut
935 4618 1102 4689 crudorcm
1115 4621 1376 4718 interpretamur,
1399 4642 1565 4721 tamquam
1589 4628 1715 4695 tertiam
1729 4624 1941 4695 convulsionis

537 4709 662 4783 eaussm
687 4737 809 4785 necnon
833 4721 869 4788 δι
888 4718 1046 4813 singultus
1058 4716 1246 4799 constituit,
1269 4740 1308 4791 ut
1324 4743 1384 4810 nee,
1406 4728 1532 4795 nominc
1554 4717 1735 4822 repletionis
1760 4745 1817 4794 nec
1840 4727 1941 4794 inani-

420 4883 425 4895 ,
449 4889 456 4900 Ι
532 4814 629 4880 tionis
644 4816 906 4911 comprehendat,
930 4818 1020 4885 aliter
1035 4817 1128 4911 longe
1148 4817 1210 4886 lioc
1233 4822 1267 4889 in
1280 4821 1351 4908 loeo
1376 4815 1483 4893 sentit.
1509 4824 1599 4895 Nam
1618 4823 1659 4893 ad
1675 4817 1881 4923 repletionem
1890 4844 1936 4891 rr-

399 4913 403 4920 '
438 4913 450 5008 g
491 4959 514 4998 ,f
528 4904 588 4981 fert
604 4908 703 5009 frigus
728 4910 829 4998 istud.
856 4911 971 5012 Replct
992 4917 1078 4990 tisim
1104 4938 1144 4994 ex
1160 4936 1277 4991 eventu
1302 4915 1592 5021 dumspisainenta
1618 4931 1700 5022 cutis
1724 4916 1868 5086 ilringip
1889 4919 1937 4989 At

497 5074 523 5084 ..
712 5077 714 5083 .
1471 5033 1475 5040 '
1860 5039 1888 5088 π
