4534 5850
391 553 462 610 W
610 464 654 531 80
854 460 1678 552 errnan1ouun

412 568 494 610 'en

396 634 534 711 capitales
558 609 717 682 hemtntes
740 615 796 684 elle
812 611 926 690 febres.
955 628 1063 719 Atque
1080 629 1111 695 in
1131 631 1167 695 iis
1193 628 1336 698 sidemas
1354 623 1558 719 sanguinem,
1582 624 1673 692 nullo
1698 617 1760 690 fere
1785 618 1931 718 profectu
1943 622 1979 692 id

392 721 502 795 pulmo·
561 710 616 787 fit,
635 717 669 780 δι
693 710 933 788 laudabilisest.
961 726 999 790 ln
1016 727 1083 793 aliis
1107 724 1211 794 statim
1236 731 1470 824 corrumpitur.
1502 724 1598 793 Unde
1623 722 1683 789 hoc
1706 717 1767 789 est?

393 806 477 857 Μ
612 814 649 876 ln
666 813 728 878 alio
744 816 974 908 premeridon
982 818 1063 890 libro
1074 819 1373 903 obiterdocuimus,
1392 818 1586 919 quibusdam
1597 821 1696 897 ficeis,
1713 813 1827 887 biliosis
1848 866 1860 897 ,
1885 812 1975 912 squa⁴

395 878 536 1031 Z‘fbcf’
562 906 653 986 lidie,
678 904 797 1002 quibus
823 936 925 986 tamen
942 945 1056 1018 corpus
1079 942 1235 1020 perpetuo
1267 924 1404 993 calidum
1429 924 1531 992 calore
1547 923 1641 998 acri,
1676 923 1710 988 δι
1725 917 1885 996 molesto,
1910 942 1975 988 ma·

391 1003 520 1121 Therip‘.
562 1028 706 1102 numque
720 1012 884 1084 mordente
901 1023 1097 1116 percipitur,
1122 1028 1157 1090 de
1180 1019 1224 1090 est
1248 1016 1441 1107 t‘ovslcaopo,
1467 1014 1717 1118 phlebotomiam
1741 1017 1832 1086 haud
1856 1014 1978 1086 confer«

391 1129 493 1189 febres
562 1127 595 1172 re
616 1131 625 1184 3
651 1114 753 1175 immo
768 1132 824 1180 aut
839 1112 923 1184 facile
940 1123 1048 1187 animo
1063 1123 1276 1215 linquuntur,
1302 1140 1358 1188 aut
1375 1119 1444 1217 post
1461 1113 1710 1217 phlebotomiam
1723 1115 1816 1210 longe
1842 1114 1913 1213 post
1928 1119 1974 1185 di-

384 1212 505 1309 stupro·
564 1201 685 1274 cuncse
704 1211 792 1278 vixa
817 1206 950 1284 sectione
975 1241 1060 1287 venae
1086 1222 1189 1296 refici,
1213 1227 1247 1288 δι
1272 1220 1402 1288 relevari
1418 1217 1566 1316 potuiffe.
1593 1217 1650 1284 Sed
1668 1218 1701 1283 in
1725 1219 1801 1283 artis
1825 1208 1973 1314 operibus

392 1309 496 1388 ΜΨ
563 1297 724 1376 observavi
740 1308 814 1377 alias
839 1306 1004 1384 sectionem
1031 1320 1242 1394 venaticos,
1261 1311 1404 1395 biliosis,
1429 1319 1530 1386 calore
1562 1317 1624 1383 aeri
1648 1319 1693 1384 &A
1708 1315 1846 1382 mordaci
1872 1309 1972 1384 abun-

395 1395 482 1516 ἵίἰψ
564 1398 712 1472 dantibus
735 1407 891 1490 conferre,
915 1415 991 1484 alias
1013 1412 1133 1486 obelle.
1162 1419 1304 1510 Utrique
1318 1419 1401 1484 male
1415 1433 1580 1509 coquunt,
1604 1416 1759 1507 quoniam
1781 1417 1841 1505 qui
1867 1433 1971 1484 ventre

399 1505 530 1623 Qualem
564 1501 666 1569 (ΜΟ
690 1497 780 1586 sunt,
804 1533 907 1587 Carnes
933 1511 1053 1584 habent
1077 1513 1229 1608 frigidas.
1256 1519 1327 1609 Qti
1341 1510 1576 1593 πλκτόφλεβοι,
1601 1503 1865 1595 ἴθμιγαλὸφλιβοι
1892 1559 1902 1590 ,
1935 1531 1972 1582 ur

353 1666 357 1672 .
390 1624 481 1695 fisci,
506 1613 540 1684 ό·
564 1599 604 1667 fic
620 1600 754 1694 ¹0quaf›
780 1611 812 1675 &
828 1604 969 1687 ffltarssn
993 1616 1147 1683 dicuntur
1169 1609 1268 1683 verbo
1292 1615 1552 1710 Hippocratico,
1584 1612 1604 1677 ii
1621 1632 1706 1680 venae
1740 1601 1908 1681 sectionem
1931 1606 1972 1679 fe-

396 1720 537 1764 ·exuraes
564 1720 641 1767 runt
667 1694 736 1769 satis
760 1699 865 1783 facile,
890 1712 944 1775 nili
968 1714 1049 1804 quid
1075 1715 1287 1809 impediverit,
1312 1734 1349 1780 ut
1367 1717 1428 1780 oris
1453 1709 1618 1782 ventriculi
1643 1701 1743 1775 sensus
1768 1708 1938 1801 exquisitus
1961 1757 1973 1787 ,

393 1787 492 1886 ΝΜ
566 1797 615 1866 vel
641 1799 758 1868 virium
783 1798 998 1884 imbecillitas,
1023 1812 1086 1879 alia
1111 1816 1230 1880 ratione
1254 1811 1403 1882 invecta:
1429 1816 1478 1880 De
1504 1812 1539 1876 iis
1564 1811 1607 1875 ait
1632 1809 1866 1903 Hippocrates.
1899 1810 1971 1899 Qui

364 1991 366 1994 .
395 1889 502 2010 322⁸:-
565 1915 673 1966 ventre
695 1900 798 1969 calido
822 1903 833 1986 (
859 1907 963 1974 Gracc
987 1905 1185 1994 &quominus
1208 1912 1219 1995 )
1244 1932 1349 1978 carnes
1374 1905 1491 1980 habent
1515 1903 1554 1974 fri
1577 1905 1643 1974 idas
1666 1951 1677 1983 ,
1700 1901 1749 1972 illi
1773 1899 1846 1974 sunt
1878 1927 1969 1976 veno

393 1972 465 2099 lm:
565 1995 674 2076 fiores,
699 2002 732 2065 ἃ
757 2002 988 2072 iracundiores:
1016 2010 1153 2085 Venoss‚
1186 2012 1294 2078 Gracc
1327 2001 1469 2085 “taran
1492 1930 1619 2073 duabus
1643 2004 1683 2072 de
1708 2004 1831 2080 caulis,
1855 2007 1902 2072 ait
1924 2008 1969 2073 in-

396 2117 511 2193 Apbor.
566 2113 699 2191 terpres,
723 2117 796 2171 tum
811 2105 888 2194 quia
904 2124 995 2174 carne
1020 2099 1092 2174 sunt
1110 2108 1280 2183 denudati,
1306 2126 1377 2175 tum
1426 2109 1478 2174 uia
1503 2105 1610 2202 plenas
1633 2098 1782 2194 sanguine
1804 2123 1900 2173 venas
1917 2103 1970 2172 ba·

399 2212 449 2271 25.
464 2198 537 2272 sea.
565 2186 656 2272 bent,
681 2200 860 2293 &proinde
884 2196 1087 2300 conspicuas.
1115 2207 1263 2273 Iracundi
1283 2226 1391 2275 autem
1402 2131 1498 2280 lunt,
1523 2205 1600 2296 quia
1613 2195 1778 2273 abundant
1795 2199 1969 2271 caloreaen'

395 2282 513 2358 ΨΜ·
565 2295 624 2386 qui
649 2293 802 2364 molestias
817 2292 942 2368 exhibet
964 2306 1010 2369 ori
1044 2306 1233 2381 ventriculi,
1257 2329 1362 2398 quum
1389 2308 1421 2373 in
1447 2321 1554 2376 ventre
1578 2303 1782 2372 continetur:
1806 2321 1842 2370 os
1865 2319 1969 2369 autem

396 2367 481 2442 Ψ·
562 2395 728 2462 ventriculi
752 2391 839 2465 facile
864 2401 896 2466 in
922 2395 966 2469 sui
985 2401 1115 2470 anans
1138 2407 1358 2496 contagionem
1372 2409 1509 2472 ammam
1527 2400 1641 2472 trahit.
1668 2402 1709 2470 Et
1724 2399 1764 2469 src
1781 2401 1901 2496 reperio
1911 2405 1969 2468 ira-

396 2485 510 2600 moja,
563 2492 685 2559 cundos
710 2486 854 2564 bifariam
870 2497 943 2575 ess‘e,
969 2519 1026 2566 aut
1042 2495 1087 2567 ob
1111 2497 1344 2581 abundantiam
1358 2502 1468 2568 caloris
1492 2505 1525 2566 in
1548 2500 1670 2577 corde,
1696 2516 1754 2567 aut
1778 2513 1908 2595 propter
1921 2521 1968 2567 ex·

396 2608 533 2678 mmm
562 2588 676 2656 celsum
693 2590 805 2657 caloris
823 2598 900 2659 acris
915 2598 946 2658 in
963 2613 1089 2670 ventre,
1114 2601 1171 2688 qui
1189 2621 1224 2663 os
1235 2599 1397 2666 ventriculi
1416 2595 1599 2674 contristat,
1625 2597 1804 2691 &proinde
1815 2600 1967 2665 animam.

391 2696 531 2766 sumitur.
563 2687 649 2776 Ergo
665 2690 722 2776 qui
738 2708 776 2753 eo
791 2690 890 2755 modo
908 2684 981 2758 sunt
999 2694 1093 2761 macri
1103 2738 1115 2772 ,
1139 2716 1299 2773 excarnes,
1324 2700 1358 2764 δι
1376 2688 1535 2774 marlot,
1561 2699 1583 2764 ii
1601 2687 1784 2786 sanguinem
1800 2689 1858 2765 fibi
1875 2695 1971 2765 adimi

396 2774 532 2915 ''ff‘pml
562 2784 746 2878 patiuntur.
774 2785 820 2854 At
834 2789 892 2878 qui
908 2795 1007 2856 macri
1023 2783 1116 2870 sunt,
1140 2816 1300 2870 excarnes,
1325 2789 1474 2864 subflavo
1487 2795 1591 2863 colore
1608 2794 1729 2892 praediti
1742 2842 1754 2875 ,
1787 2800 1821 2866 &
1845 2793 1969 2888 graciles

393 2866 528 2996 {2¹13}
558 2873 676 2948 habent
695 2903 804 2962 venas,
829 2907 915 2957 venae
930 2882 1061 2964 senione
1069 2892 1245 2989 plurimum
1253 2895 1475 2964 offenduntur.
1501 2895 1651 2965 Ceterum
1660 2917 1767 2989 quum
1780 2892 1969 2987 loquitutde

392 3020 465 3076 aeri,
486 3013 530 3096 js,
558 2981 733 3059 iracundi&
758 2987 957 3079 nomadum,
982 2992 1071 3083 quod
1090 2997 1194 3064 utitur
1211 3019 1287 3066 voce
1304 2988 1528 3081 ὅξυθυμὼιρρι,
1552 3019 1616 3061 non
1641 3012 1750 3061 autem
1769 2990 1925 3069 tumim.

386 3098 500 3175 fraus:
610 3080 819 3155 Rondeletius
843 3087 1001 3159 Calenum
1020 3094 1175 3182 exagitat,
1198 3095 1288 3186 quod
1314 3092 1449 3159 voluerit
1473 3095 1505 3155 in
1531 3085 1672 3157 febribus
1697 3092 1835 3156 tertianis
1860 3093 1973 3184 exqui-

399 3185 533 3243 rmunar'
559 3178 620 3247 fitis
641 3181 747 3250 locum
764 3210 827 3254 non
845 3185 901 3256 elle
918 3211 1002 3257 vena:
1021 3184 1165 3265 sectioni,
1189 3190 1244 3256 nifi
1270 3184 1339 3284 post
1354 3190 1481 3254 tertium
1529 3179 1755 3272 aroxysmum.
1791 3187 1974 3344 &ondam

392 3264 473 3365 lfs‘·
559 3279 619 3345 hoc
639 3276 739 3352 visum
756 3281 818 3356 fuit
844 3290 1026 3356 Avicennae.
1055 3290 1099 3355 At
1116 3288 1257 3356 Galenus
1273 3311 1338 3354 non
1358 3286 1436 3353 adeo
1450 3211 1605 3370 ablbrdus
1620 3277 1706 3357 fuit,
1732 3298 1770 3347 ut
1786 3303 1822 3345 ex
1850 3284 1973 3355 melan.

393 3372 409 3409 '
410 3368 468 3409 '‘⁸''
476 3393 484 3412 ⁰
559 3378 638 3449 dum
656 3385 786 3456 tertium
802 3380 1028 3482 paroxysmum
1046 3390 1184 3486 putarit.
1210 3387 1269 3458 Sed
1293 3379 1464 3460 credibile,
1490 3376 1741 3456 Rondeletium,
1766 3383 1799 3446 ὅ(
1835 3400 1973 3470 equaoes

391 3482 529 3577 pm,
557 3483 614 3571 qui
634 3485 665 3547 in
692 3491 758 3567 ejus
776 3479 874 3556 verba
887 3493 1090 3573 juraverunt,
1113 3484 1215 3581 legilie
1233 3488 1319 3555 hunc
1338 3502 1521 3554 contextum
1537 3482 1646 3552 Galeni
1674 3482 1707 3582 in
1722 3475 1971 3560 metltodoffex

392 3602 528 3660 irim,
558 3601 627 3668 quo
640 3580 820 3670 collegerint
835 3580 1086 3677 phlebotomiam
1101 3590 1195 3654 tertio
1210 3579 1396 3678 pamxyfino
1412 3581 1522 3651 erasto
1540 3583 1684 3647 tertianae
1696 3578 1878 3644 convenire:
1898 3580 1966 3671 Qri

390 3680 528 3738 Febrilus
560 3669 759 3750 febricitant,
783 3678 806 3742 si
823 3679 957 3747 valentes
973 3678 1094 3745 viribus
1111 3682 1191 3753 sint,
1214 3673 1365 3745 omnibus
1383 3673 1569 3765 sanguinem
1586 3669 1629 3747 ab
1644 3677 1733 3742 initio
1753 3677 1872 3754 mittes,
1898 3698 1966 3771 per-

392 3763 527 3819 “fll‘m'2
557 3763 703 3860 fusosque
721 3771 793 3837 olco
810 3769 878 3865 post
895 3775 1017 3839 tertiam
1036 3773 1254 3850 aceelsionem,
1279 3774 1327 3841 vel
1352 3768 1471 3847 mulsa,
1490 3773 1539 3842 vel
1566 3766 1738 3839 sorbitione
1754 3776 1889 3840 nutries.
1934 3774 1966 3842 Si

389 3861 429 3980 ἴ
446 3841 529 3939 Μ’
560 3866 620 3933 boc
635 3867 709 3933 loco
719 3873 892 3945 nituntur,
906 3887 944 3935 ut
961 3872 992 3935 in
1011 3877 1152 3940 tertianis
1170 3871 1361 3942 mittendum
1381 3864 1564 3962 huguinem
1627 3868 1652 3939 st
1676 3873 1801 3940 tertiam
1823 3868 1966 3941 acceffio-

390 3939 531 4080 χχ,
557 3988 628 4033 nem
647 3965 780 4035 doceant
787 4015 799 4048 ‚
823 3963 997 4037 falluntur.
1025 3972 1111 4039 Nam
1126 3975 1266 4066 primum
1284 3970 1348 4043 hac
1375 3964 1471 4039 verba
1486 3994 1550 4037 non
1583 3991 1641 4038 unt
1666 3970 1797 4046 Galerii,
1822 3964 1871 4036 sed
1902 3992 1966 4041 me-

389 4104 473 4156 my.
558 4065 779 4144 modicorum,
796 4086 834 4134 ut
849 4088 1012 4135 contextus
1026 4071 1132 4136 docet.
1154 4070 1292 4145 Deinde,
1309 4094 1374 4139 non
1392 4075 1437 4137 ait
1455 4064 1737 4164 phlebotomandos
1753 4065 1821 4163 post
1841 4071 1964 4136 tertiam

387 4166 481 4243 smum
558 4162 776 4241 accellionem,
794 4160 844 4233 sed
862 4168 1060 4238 nutriendos:
1084 4170 1214 4243 Tertio,
1227 4167 1329 4244 illud,
1346 4166 1414 4265 post
1429 4171 1551 4235 tertiam
1570 4164 1785 4245 acerbiorem,
1810 4189 1864 4233 nec
1882 4167 1964 4233 idem

391 4256 509 4313 '‘'llm
558 4255 665 4338 sonm,
688 4264 777 4354 quod
795 4262 862 4359 post
877 4270 1004 4339 tertium
1024 4260 1267 4362 paroxysmum.
1294 4269 1335 4334 Et
1350 4267 1430 4334 male
1446 4260 1805 4335 versumestalinacro:
1831 4268 1965 4335 lnGtae-

390 4342 527 4484 ‘'J''l‘f'·
557 4383 595 4428 co
613 4359 753 4451 legitur,
786 4359 856 4437 uriel
876 4361 929 4423 ret
949 4357 1107 4445 pirarii,
1131 4365 1222 4457 quod
1246 4368 1324 4436 verti
1351 4358 1469 4444 debet,
1503 4363 1571 4462 post
1595 4385 1655 4433 tres
1671 4366 1734 4432 dies
1758 4360 1900 4432 exactos,

390 4436 530 4567 &⁴¹5⁰
607 4462 770 4554 Qroniam
789 4463 930 4530 videmus
946 4458 1109 4559 plerosque
1125 4459 1246 4557 quibus
1261 4465 1300 4531 de
1325 4463 1416 4534 nodie
1432 4487 1546 4560 corpus
1559 4459 1707 4539 exsudat,
1741 4458 1857 4531 stfotte
1879 4465 1963 4533 dete·

389 4547 508 4648 mxu:
554 4555 646 4627 {lum
662 4553 791 4628 sublatis
807 4561 996 4629 indumentis
1016 4556 1173 4633 substratis
1190 4566 1252 4633 aeri
1270 4567 1455 4660 exponitur,
1485 4569 1564 4657 quia
1578 4560 1659 4631 foras
1686 4586 1749 4628 non
1766 4562 1884 4729 prodit
1912 4552 1964 4629 su-

395 4669 507 4728 zinacrx'
555 4660 633 4737 dor,
656 4678 734 4725 tunc
760 4679 816 4727 ant
836 4682 949 4755 corpus
966 4682 1069 4730 totum
1089 4664 1219 4739 dolent,
1245 4683 1302 4731 aut
1322 4684 1443 4757 partem
1460 4663 1621 4755 aliquam,
1644 4662 1747 4751 siqua
1777 4679 1844 4733 orte
1860 4651 1962 4727 ¹suda-

391 4745 486 4820 ’Ῥω
496 4796 505 4816 ·
553 4777 627 4827 tura
642 4776 727 4834 erat,
751 4764 785 4827 &
801 4758 948 4827 videntur
964 4784 1043 4854 pene
1064 4758 1173 4829 frneti:
1192 4784 1307 4849 magna
1324 4765 1371 4829 vis
1383 4758 1426 4827 est
1442 4755 1495 4827 seri
1514 4755 1680 4856 supprclst,
1704 4762 1805 4825 immo
1829 4758 1962 4826 incredi-

434 4849 483 4898 Ὀ·
551 4857 613 4933 bile
628 4877 710 4951 quot
723 4862 757 4924 δε
773 4857 883 4950 quales
897 4851 938 4923 ab
952 4881 990 4924 eo
1005 4866 1178 4927 excitentur
1191 4860 1329 4924 dolores.
1342 4858 1524 4927 Declaravit
1538 4858 1677 4943 joannes
1691 4856 1835 4930 Petitaeus
1843 4848 1960 4945 tortior,

549 4968 603 5035 eui
621 4956 716 5044 sudor
732 4958 897 5056 derepente
910 4978 1036 5027 omnem
1061 4958 1200 5026 dolorem
1217 4951 1355 5026 liistulit.
1707 5054 1743 5133 N
1825 5052 1846 5120 d

1744 5069 1823 5122 otan
1850 5076 1907 5129 um
