4534 5850
511 473 579 534 27²
705 442 1359 521 COMMENTARIUS
1409 448 1485 521 IN
1535 448 1662 520 Lis.

507 588 792 678 Quemadmodum
815 592 897 652 enirn
922 600 1024 671 quum
1052 574 1176 674 spiritus
1202 581 1347 646 animalis
1372 576 1468 653 suurn
1496 579 1596 654 habet
1619 584 1744 658 fluxum
1770 589 1804 656 δι
1824 586 1872 655 ἤι’

461 683 616 761 fluxum,
641 686 686 750 nii
710 681 752 749 cst
776 676 969 755 onomaton,
1000 677 1045 743 nil
1069 675 1250 770 inaequale,
1282 679 1390 744 omnia
1415 675 1490 748 suin
1516 686 1723 778 trairquilla,
1753 684 1809 755 stat
1836 689 1873 753 &

459 786 557 855 homo
580 786 615 847 dt
640 784 745 851 ratio,
770 780 802 839 ἃ
829 777 956 842 artimus
981 774 1118 872 praesidet
1144 775 1237 842 nullis
1269 768 1462 843 tumultibus
1495 802 1654 852 vexatus:
1691 787 1743 855 Sic
1766 806 1873 878 quum

458 875 481 948 s
496 882 501 894 '
522 882 581 946 'tus
604 878 723 945 alienus
748 892 855 942 motus
880 895 964 943 ratos
988 878 1022 944 dc
1047 872 1220 942 conflantes
1237 948 1240 953 .
1254 868 1418 969 perturbat
1451 880 1487 946 δι
1517 882 1650 972 quatit,
1688 901 1746 954 aut
1770 892 1874 975 quum

457 898 580 1046 sibeos
603 970 729 1041 illustris
752 976 968 1069 inquinatur,
1000 992 1057 1043 aut
1083 979 1135 1045 via
1160 969 1360 1049 obstruitur,
1392 973 1470 1043 laefio
1501 981 1684 1073 contingit,
1726 978 1877 1073 adestque

402 1107 430 1123 ο
500 1068 587 1142 sa&
605 1074 702 1143 ¹irrita
728 1075 916 1168 imaginatio
939 1075 1145 1148 conversionis
1170 1077 1205 1142 δι
1230 1074 1393 1142 rotationis
1418 1097 1483 1142 non
1505 1076 1699 1148 exsistentis.
1739 1082 1878 1179 Spiritus

455 1176 539 1240 enim
564 1178 636 1272 puri
663 1169 735 1243 sunt
760 1175 909 1247 delatores
933 1177 1111 1267 imaginum
1138 1195 1244 1241 rerum
1268 1165 1493 1263 objeslarum,
1524 1183 1584 1270 qui
1615 1180 1636 1245 ir
1671 1177 1880 1276 conspurcati

456 1267 592 1350 fiterint,
618 1275 668 1345 vel
692 1278 875 1371 impuritate
900 1268 1033 1354 cerebri,
1060 1273 1109 1344 vel
1134 1272 1293 1350 aliunde,
1318 1272 1392 1339 hinc
1420 1292 1544 1368 promta
1568 1280 1759 1370 vertiginum
1786 1298 1883 1345 occa-

334 1419 362 1464 „
382 1405 434 1465 χ),
458 1372 527 1441 sio.
556 1375 609 1442 nd
634 1374 668 1443 id
693 1368 822 1442 facit&
850 1393 1014 1442 meatuum
1040 1365 1185 1449 libertas,
1212 1388 1271 1438 aut
1295 1372 1589 1466 impedimentum.
1617 1377 1690 1443 ldeo
1714 1380 1885 1472 Hippocr.

321 1488 386 1546 aiat.
458 1493 600 1544 ventrem
624 1465 726 1568 ipsum
753 1473 832 1540 mari
858 1473 987 1540 similem
1012 1468 1190 1539 constituit.
1219 1471 1281 1538 Hic
1305 1467 1349 1536 est
1374 1462 1435 1536 cibi
1462 1475 1497 1539 δι
1521 1491 1618 1569 potus
1635 1496 1738 1570 penu,
1761 1493 1801 1543 ut
1819 1475 1883 1542 sint

461 1591 567 1641 motus
594 1569 762 1667 accipiendi
788 1576 822 1639 &
847 1571 993 1640 reddendi
1017 1573 1117 1648 vices,
1144 1587 1182 1637 ut
1207 1591 1293 1636 mare
1316 1564 1360 1636 est
1384 1570 1573 1640 animalium
1607 1571 1881 1650 domesticorum,

458 1672 656 1740 nutritorum
682 1673 716 1738 δι
741 1673 858 1738 nutriri
884 1664 1049 1739 solitorum
1074 1669 1290 1738 alimentum:
1323 1671 1562 1763 peregrinorum
1586 1671 1746 1741 clades&
1771 1675 1883 1738 interi·

460 1787 538 1838 tus.
564 1762 703 1862 Tresque
727 1766 891 1839 constituit
914 1762 1067 1856 spissat,
1093 1773 1124 1834 dc
1153 1771 1306 1838 circuitus
1332 1770 1431 1860 ignis.
1459 1770 1549 1838 Alios
1575 1770 1616 1839 ad
1639 1775 1790 1843 cavitates
1818 1770 1882 1837 hu·

461 1892 592 1939 morum
615 1876 704 1955 juxta
728 1868 812 1938 lunae
837 1865 1039 1946 facultatem,
1064 1868 1143 1936 alios
1167 1868 1207 1935 ad
1232 1862 1546 1948 circumferentiam,
1580 1874 1614 1939 &
1645 1863 1788 1939 ambiens
1813 1863 1884 1936 soli-

461 1970 541 2036 dum
572 1976 658 2053 juxta
693 1965 851 2037 astrorum
884 1964 1099 2038 facultatem.
1137 1967 1262 2038 Medios
1296 1965 1380 2035 iutro
1415 1970 1449 2037 de
1481 1963 1563 2037 foras
1594 1973 1799 2041 terminantes
1823 1968 1885 2060 qui

463 2070 567 2158 ignem
592 2063 793 2134 fortissimum
821 2061 940 2136 habent
965 2070 997 2134 in
1021 2061 1173 2134 omnibus
1197 2066 1431 2135 dominantem.
1458 2069 1495 2133 ln
1519 2067 1579 2134 hoc
1597 2070 1742 2142 animus,
1771 2089 1887 2147 meuS,

463 2172 675 2262 permutatio,
701 2167 889 2262 prudentia,
914 2183 1143 2258 augmentum,
1167 2158 1317 2243 stsmnus,
1343 2164 1475 2258 vigilia.
1512 2167 1581 2234 Hos
1607 2171 1639 2233 in
1663 2158 1793 2232 cerebro
1821 2166 1888 2230 cir-

463 2269 570 2333 cuitus
594 2266 716 2336 divinos
740 2259 831 2334 orbes
855 2284 949 2338 vocat
974 2264 1088 2333 Plato.
1117 2260 1243 2337 Adsunt
1269 2284 1376 2332 autem
1402 2284 1459 2334 aut
1482 2258 1597 2332 absunt
1621 2266 1789 2355 vertigines
1809 2285 1887 2358 pro.

465 2382 504 2432 ut
529 2370 563 2433 &
588 2364 754 2443 humores,
779 2369 814 2434 δι
840 2385 963 2434 meatus
987 2367 1046 2433 rite
1071 2358 1145 2434 sunt
1169 2369 1371 2460 comparati.
1400 2367 1436 2431 ln
1462 2363 1511 2431 his
1535 2386 1621 2432 unus
1645 2356 1791 2458 aspestus
1817 2383 1884 2430 ma-

462 2469 545 2533 xime
568 2459 691 2533 laborat
725 2486 743 2533 e
777 2468 920 2558 quinque
944 2457 1111 2532 l'enfibus.
1151 2465 1240 2623 (Pia
1266 2482 1304 2528 ut
1328 2484 1347 2529 a
1371 2463 1477 2529 circuli
1504 2456 1630 2531 ambitu
1655 2461 1742 2530 lineae
1769 2480 1885 2558 pares,

464 2581 501 2628 ut
527 2564 605 2628 radii
630 2571 663 2627 in
688 2582 832 2628 centrum
857 2564 1023 2628 tendunt:
1058 2560 1096 2624 lic
1122 2582 1141 2627 a
1177 2553 1300 2625 ensibus
1325 2563 1385 2624 via·
1411 2562 1446 2624 &
1472 2553 1626 2625 foramina
1650 2561 1803 2652 quaedam
1827 2583 1883 2654 pa·

463 2675 531 2723 tent
555 2679 610 2750 per
634 2678 708 2747 φιτ
733 2653 852 2722 haustae
878 2677 982 2721 rerum
1006 2657 1158 2741 imagines
1189 2657 1221 2716 in
1254 2645 1417 2717 cerebrum
1452 2656 1486 2719 &
1519 2647 1642 2723 sevisum
1680 2680 1883 2729 communem

464 2756 558 2821 utin
584 2776 685 2820 arcem
709 2753 902 2817 confluunt.
929 2749 1098 2815 Primarius
1122 2751 1208 2814 enim
1233 2739 1333 2815 sersus
1357 2748 1504 2822 dicitur,
1535 2755 1626 2844 qnod
1653 2758 1680 2823 ci
1708 2754 1809 2825 sensu,
1833 2780 1885 2825 ex.

464 2855 567 2924 terni,
592 2870 631 2916 ut
655 2842 796 2915 satellites
822 2844 986 2915 aiiistant.
1014 2849 1128 2940 Itaque
1152 2846 1270 2944 duplex
1294 2842 1456 2924 facultas,
1480 2869 1609 2920 externa
1635 2875 1700 2923 una
1724 2859 1757 2923 in
1783 2852 1885 2927 sensus

465 2950 609 3043 quinque
636 2950 777 3045 partita,
802 2952 925 3016 interm
948 2965 1014 3015 una
1037 2969 1111 3040 quar
1133 2944 1178 3015 est
1204 2963 1242 3015 ut
1267 2947 1361 3032 judex
1387 2951 1421 3015 &
1447 2942 1587 3031 arbitra,
1611 2959 1776 3026 communi
1802 2959 1888 3052 q'ua.

467 3049 544 3118 dam
570 3051 601 3117 vi
626 3046 798 3135 dijudicans
823 3068 860 3115 ea
884 3068 956 3138 qua:
983 3038 1042 3113 sub
1067 3049 1169 3116 varios
1193 3039 1296 3114 sensus
1330 3047 1536 3116 ceciderunt.
1567 3046 1720 3148 Aspestus
1743 3056 1784 3124 de
1810 3050 1889 3125 albo

470 3148 608 3237 judicat,
631 3166 664 3217 at
688 3170 753 3214 iton
778 3145 817 3212 de
840 3145 927 3213 dulci
952 3148 987 3213 δε
1013 3138 1107 3214 albo.
1135 3148 1199 3217 Hic
1224 3138 1397 3214 arbitrium
1422 3152 1599 3218 communis
1629 3144 1731 3220 sensus
1765 3154 1890 3223 deside.

472 3267 580 3316 ratur.
1696 3287 1699 3296 ·

521 3346 630 3415 Altera
652 3342 697 3415 est
720 3339 854 3417 facultas
877 3337 1085 3418 conservatrix
1111 3368 1185 3439 quar
1210 3344 1418 3443 impreffiones
1451 3348 1485 3413 δι
1518 3343 1641 3439 vestigia
1665 3337 1811 3415 sensuum
1838 3372 1895 3420 re.

473 3450 570 3521 tinet,
594 3448 728 3544 concipit
753 3470 789 3518 ac
814 3446 980 3517 recondit.
1008 3445 1095 3515 licet
1121 3438 1225 3514 absmt
1248 3467 1314 3522 res,
1339 3448 1432 3513 inea
1459 3464 1563 3515 tamen
1589 3468 1694 3514 retum
1718 3447 1892 3522 simulacra

474 3546 617 3642 impressa
641 3564 772 3614 manent
797 3569 833 3616 ac
858 3540 1084 3615 reservantur.
1119 3546 1160 3612 Et
1185 3563 1224 3612 ut
1248 3566 1295 3611 res
1318 3562 1451 3612 externa
1475 3537 1601 3630 objefia
1631 3538 1704 3614 sunt
1739 3540 1890 3618 sensuum

395 3724 404 3733 ⁸
473 3664 694 3722 externorum,
721 3646 759 3712 sic
785 3644 834 3713 hae
859 3647 1009 3736 imagines
1034 3636 1105 3711 stur
1128 3636 1253 3730 obieeta
1276 3638 1434 3712 l‘acultatis
1456 3645 1629 3736 fingentis,
1653 3648 1688 3713 δι
1712 3645 1894 3741 imaginan-

471 3749 511 3815 tis
535 3764 608 3838 φιτ
632 3762 770 3820 annm
794 3761 1016 3840 nuticupatur.

527 3844 564 3909 ln
589 3863 624 3910 ea
649 3844 710 3908 tria
734 3862 928 3918 cernuntur,
952 3844 1079 3932 imago,
1103 3835 1237 3912 facultas
1265 3842 1430 3934 fingendi,
1454 3846 1488 3911 dc
1512 3840 1598 3911 ιᾶἰο
1623 3866 1692 3936 qua
1718 3840 1814 3916 rebus
1837 3868 1894 3916 cra

474 3945 569 4016 ternis
594 3936 717 4012 semotis
747 3945 781 4010 &
815 3936 947 4012 adustis
978 3936 1109 4009 facultas
1143 3943 1176 4009 in
1209 3942 1375 4012 simulacro
1400 3936 1562 4013 versatur.
1600 3944 1718 4014 Eadem
1750 3938 1891 4024 mirabili

476 4044 619 4136 quadam
646 4045 678 4113 vi
702 4044 796 4134 fingit
819 4062 999 4136 numquam
1022 4061 1152 4111 externo
1187 4035 1274 4112 sensu
1307 4060 1480 4137 percepta,
1514 4042 1610 4136 idque
1641 4036 1712 4111 facit
1745 4037 1889 4111 ubertate

475 4145 632 4235 copiaque
656 4161 763 4205 rerum
786 4148 876 4230 prius
900 4143 944 4206 im
968 4138 1114 4207 resfarum
1139 4160 1196 4233 per
1219 4135 1431 4207 confusionem
1455 4158 1507 4207 tot
1529 4144 1724 4233 imaginum,
1747 4163 1784 4208 ex
1810 4146 1889 4234 qui-

478 4231 567 4313 bus,
598 4254 636 4304 ut
660 4237 692 4301 in
718 4228 874 4328 speculo,
909 4162 1058 4302 tebltant
1083 4258 1171 4305 novae
1195 4257 1302 4304 rerum
1329 4260 1393 4304 non
1419 4240 1507 4332 ptius
1531 4263 1620 4337 perce
1644 4259 1750 4308 tatum
1775 4242 1895 4333 imagi,

477 4356 548 4403 nes.
575 4332 607 4402 Si
631 4333 689 4398 diu
716 4351 905 4410 remanent,
929 4333 1082 4400 memoria
1104 4328 1242 4401 existit.
1278 4335 1372 4402 Hanc
1396 4328 1530 4407 roborat
1554 4343 1589 4416 ὃς
1612 4264 1696 4412 fivet
1722 4332 1891 4435 speculatio

479 4438 514 4505 δι
539 4431 703 4500 meditatio
726 4453 799 4522 φιτ
821 4429 864 4504 est
888 4423 997 4499 crebra
1020 4433 1198 4523 imaginum
1221 4436 1399 4531 primarum
1422 4440 1567 4533 repetitio
1590 4462 1625 4507 ac
1649 4438 1833 4535 replicatio,
1851 4455 1890 4508 ut

479 4530 632 4605 Tulliano
656 4521 753 4599 verbo
777 4549 870 4600 utar.
895 4530 1023 4629 Duplex
1048 4525 1156 4602 rursus
1181 4537 1333 4627 memoria
1357 4533 1418 4613 est,
1444 4560 1510 4607 una
1534 4543 1751 4633 patiensque
1775 4542 1895 4632 imagi.

480 4656 553 4703 trem
577 4632 708 4724 recepit,
733 4654 751 4699 a
774 4654 827 4700 ens
851 4630 949 4702 altera
972 4655 1046 4726 quae
1062 4655 1107 4703 ex
1130 4635 1276 4727 imaginis
1309 4636 1550 4733 apprehenfione
1575 4659 1639 4707 rem
1666 4633 1888 4734 representare

479 4733 544 4801 inte
568 4753 607 4796 eo
629 4727 715 4798 drea
752 4750 829 4812 unt,
854 4750 892 4799 ut
918 4727 1071 4801 facultatis
1095 4736 1295 4825 imaginantis
1319 4740 1426 4805 vis&
1449 4752 1564 4805 natura
1583 4740 1799 4834 percipiatur,
1814 4739 1889 4831 quit

478 4834 510 4927 in
534 4830 674 4897 examine
698 4828 738 4896 de
765 4824 985 4921 vertiginibus
1007 4830 1082 4902 inde
1107 4854 1269 4902 momenta
1293 4854 1488 4927 querentur.
1559 4909 1563 4917 ,
1639 4851 1670 4906 fl
1806 4857 1810 4863 ·
1892 4879 1896 4886 -

525 4929 686 5002 Caeterum
710 4929 742 4995 in
771 4929 932 5021 vertigine
954 4931 1154 5024 imagirratrix
1179 4926 1308 5005 benitas
1342 4952 1450 5016 errat,
1486 4937 1563 5008 vifio
1585 4953 1656 5010 ,aut
1688 4938 1894 5014 imminuitur

1726 5032 1844 5134 depta-
