4534 5850
599 493 1256 572 nrr1u1r.urorcnnnu.
1307 503 1382 576 ro.
1410 508 1446 575 n
1645 530 1712 598 215

333 639 657 731 moienebmoest:
681 649 722 725 Et
744 645 867 743 Aphor.
890 667 942 734 ¹5·
972 646 1020 713 Lo
1064 670 1085 714 o
1107 645 1174 718 alvi
1199 644 1300 713 fluore
1325 646 1456 716 detentis
1480 649 1621 716 vomitus
1646 643 1668 714 1
1701 673 1739 716 n-

333 766 454 819 taneur
473 739 714 842 aripenni,
740 737 862 814 bonum
882 740 948 814 est.
974 667 1103 836 Quibus
1125 767 1163 814 ex
1189 744 1263 813 locis
1286 766 1415 842 apparet
1439 737 1581 815 absolute
1602 672 1742 826 verbim,

332 841 513 934 deminuat
537 845 577 914 ad
602 837 726 912 bonum
756 865 930 941 apparere.
972 843 1075 912 Nune
1098 843 1139 910 ad
1164 842 1317 938 posterius
1350 867 1370 912 a
1400 838 1493 913 nobis
1522 844 1634 941 paullo
1664 863 1739 914 ante

334 943 533 1041 propofitum
557 934 807 1023 desoendamus,
832 946 986 1012 nimitum
1009 941 1091 1008 idem
1117 936 1318 1017 :mprlumv
1342 934 1417 1010 boni
1442 943 1582 1037 malique
1607 937 1742 1041 speeiem

333 1065 401 1138 prae
422 1035 451 1108 se
472 1036 551 1109 ferre
582 1040 688 1139 polle.
725 1034 934 1137 Aphorismus
956 1035 1001 1107 est
1031 1045 1083 1105 16.
1103 1031 1160 1105 lib.
1180 1050 1212 1104 6.
1248 1038 1468 1134 Apleitritide
1492 1060 1549 1110 aut
1573 1048 1742 1141 peripneu-

329 1143 438 1209 monia
465 1134 581 1219 habito
603 1141 668 1212 alvi
684 1139 896 1237 ¹profluvium
920 1137 944 1204 fi
972 1130 1153 1234 supervenit
1180 1182 1191 1213 ,
1216 1137 1366 1206 malum.
1407 1137 1550 1234 Qpaestio
1583 1166 1649 1210 non
1682 1137 1741 1212 abs

334 1260 368 1307 re
392 1245 427 1309 ἃ
451 1238 615 1331 adhujus
633 1239 729 1331 ,quod
752 1233 970 1314 udiituimus,
1003 1237 1238 1335 expirationem
1269 1231 1410 1334 (pediam
1435 1235 1536 1336 potest
1569 1246 1704 1337 proponi
1731 1265 1742 1308 ι

335 1339 389 1407 An
412 1363 481 1406 non
501 1334 595 1407 'fluor
617 1337 682 1411 alvi
708 1334 875 1433 pleuritico
908 1329 1126 1432 superveniens
1150 1329 1293 1423 „bonme
1329 1339 1419 1407 Nam
1453 1340 1607 1434 Hippin
1631 1341 1744 1411 corcis
1779 1419 1781 1423 ¹

333 1430 441 1515 scribit
468 1461 478 1504 z
513 1428 555 1526 sil
579 1439 612 1505 in
637 1429 756 1509 febrem
779 1438 964 1505 continuam
989 1435 1134 1532 pleuritis
1158 1435 1271 1503 incidit
1300 1482 1311 1513 ‚
1350 1430 1502 1531 alvusque
1533 1432 1600 1506 sero
1630 1431 1746 1507 bilioso

336 1530 499 1614 solvatur,
523 1527 670 1613 bonnme
697 1537 793 1608 sicin
821 1533 986 1630 pleuritide
1012 1534 1120 1603 fluxus
1145 1534 1210 1605 aivi
1235 1532 1279 1602 est
1304 1555 1535 1631 opportunus„
1563 1536 1746 1606 Dicendum

335 1634 399 1705 hoc
422 1638 553 1703 ineunte
576 1629 694 1703 morbo
713 1634 909 1711 :derivatur
931 1636 1014 1702 enim
1042 1634 1161 1704 humor
1184 1635 1241 1725 qui
1266 1632 1418 1730 pleuritin
1443 1629 1584 1715 fecerat,
1616 1656 1675 1706 aut
1690 1657 1746 1732 per

335 1733 594 1825 colliquationem
621 1755 640 1800 a
665 1726 767 1802 febrili
791 1731 915 1807 calore,
938 1751 996 1799 aut
1098 1729 1302 1807 metastatin‚
1326 1737 1360 1799 &
1386 1735 1418 1798 in
1441 1734 1551 1800 multis
1574 1738 1663 1827 aegris
1688 1729 1749 1801 ob-

336 1826 536 1900 servavimus
550 1848 565 1907 ,“
596 1826 809 1924 profusionem
842 1828 909 1899 alvi
931 1754 1207 1914 jovinianorum
1231 1833 1266 1897 δι
1291 1829 1390 1898 veluti
1415 1830 1609 1925 pleuritidem
1634 1827 1751 1902 blviffe

341 1951 447 2020 quum
472 1923 534 1996 fere
558 1929 603 1994 nil
627 1922 724 1998 sauro
748 1950 834 1998 venae
858 1924 1055 1997 contulisset.
1088 1929 1154 1995 Hic
1185 1927 1254 1993 duo
1286 1931 1383 1997 triave
1408 1928 1629 2006 consideranda
1650 1923 1749 2009 sunta

338 2049 383 2095 an
406 2019 540 2093 morbus
564 2032 734 2123 prior'per
757 2021 787 2095 se
811 2027 918 2095 malus-
934 2026 998 2104 fit,
1020 2026 1133 2096 deinde
1158 2048 1201 2094 an
1246 2025 1366 2095 leutitia
1381 2049 1426 2107 ¹en
1450 2020 1481 2098 se
1503 2024 1669 2100 causatur
1685 2030 1752 2101 alvi

339 2124 454 2193 fluoris
476 2123 534 2194 elle
560 2123 680 2220 poilit:
714 2126 849 2213 Tertio,
880 2148 942 2201 eur¹
963 2127 1051 2194 liuor
1074 2149 1140 2195 non
1164 2117 1304 2195 abolute
1327 2127 1460 2199 malus.
1498 2131 1537 2211 ln
1570 2124 1753 2225 aphorismo

341 2217 484 2319 praesenti
508 2221 630 2292 constat
654 2222 694 2291 de
719 2218 823 2292 morbi
847 2224 1098 2316 magnitudine,
1123 2247 1200 2292 nam
1223 2224 1359 2303 numeni
1382 2215 1543 2310 rithmus,
1568 2245 1607 2296 ut
1626 2226 1678 2301 hie
1692 2228 1754 2298 du*¹

344 2340 396 2388 eet
427 2321 539 2389 Galen.
566 2327 601 2391 &
636 2322 766 2391 Comm.
794 2325 826 2389 in
862 2323 987 2418 Aphor.
1011 2328 1066 2388 26.
1091 2326 1123 2386 ἃ
1156 2315 1283 2406 34.iib.
1301 2347 1333 2404 4.
1361 2323 1514 2410 signifieat
1535 2345 1575 2391 eo
1599 2319 1754 2395 morbum

346 2419 545 2517 progrtilum
568 2438 607 2487 ut
632 2424 707 2513 aegri
733 2439 843 2516 potens
867 2421 924 2497 stt,
948 2420 1038 2513 quod
1063 2441 1118 2515 per
1143 2413 1172 2486 se
1196 2419 1316 2488 malum
1340 2417 1408 2487 est:
1435 2420 1509 2487 ldeo
1533 2421 1557 2489 st
1581 2420 1668 2491 fluor
1685 2416 1755 2490 sue-

339 2517 454 2597 cedat,
479 2517 610 2587 malum
624 2538 663 2589 ut
688 2520 815 2610 signum
833 2523 875 2591 ,δι
896 2513 1019 2596 canu,
1054 2537 1093 2592 ut
1117 2517 1242 2609 fignum
1266 2520 1346 2611 quia
1367 2516 1654 2598 inflammationem
1678 2522 1759 2591 adeo

341 2615 467 2689 crevisse
491 2617 646 2708 fignificat
670 2637 710 2687 ut
732 2636 791 2686 aut
816 2619 1058 2693 ventriculum,
1090 2635 1150 2682 ant
1183 2616 1283 2711 hepar
1307 2636 1364 2685 aut
1389 2636 1566 2710 utrumque
1591 2622 1624 2687 in
1646 2640 1758 2699 eonem

346 2718 477 2808 giouem
503 2715 610 2790 trahat
630 2763 648 2792 ,
665 2734 703 2784 ut
725 2715 819 2785 dooet
844 2715 984 2785 Galenus
1010 2716 1042 2781 in
1064 2713 1310 2783 Commentario
1335 2710 1488 2810 Aphorifi
1507 2719 1597 2787 Nam
1630 2719 1759 2801 (etde

349 2810 487 2898 steundo
509 2807 604 2911 scopo
627 2815 781 2900 dicatur)
802 2837 907 2908 quum
932 2813 1023 2884 alvus
1048 2809 1256 2907 profunditur
1278 2836 1335 2910 per
1356 2813 1626 2911 compaffionem,
1657 2837 1697 2886 nt
1720 2818 1760 2891 ste

344 2915 468 2994 dicam,
492 2912 591 3011 hepar
615 2912 757 2986 afficitur,
776 2931 815 2982 ut
839 2938 906 2983 non
920 2913 1028 2981 trahat
1055 2912 1261 2989 alimentum,
1283 2937 1340 2981 nec
1365 2914 1387 2980 1ι
1411 2915 1539 2996 trahat,
1573 2919 1605 2985 in
1630 2909 1761 3010 sangui·

349 3037 422 3083 nem
448 3032 631 3085 convertat,
654 3032 714 3081 aut
740 3012 954 3088 ventriculus,
979 3030 1017 3078 ut
1041 3005 1128 3077 cibos
1154 3029 1356 3106 corrumpat.
1380 3012 1440 3078 Sed
1464 3037 1528 3081 non
1552 3018 1654 3083 omnis
1672 3016 1761 3112 pleu-

346 3115 415 3184 ritis
438 3112 500 3183 hoc
523 3108 615 3189 facit,
639 3106 689 3181 sed
713 3135 788 3206 quae
813 3112 896 3182 mala
921 3106 984 3186 est,
1008 3131 1081 3201 quae
1106 3110 1239 3179 increvit
1262 3109 1460 3204 plurimum.
1487 3112 1602 3182 Praeter
1619 3112 1673 3183 har
1694 3116 1762 3181 Ga-

345 3212 408 3282 leni
431 3214 566 3284 rationes
590 3204 711 3304 quibus
733 3210 798 3281 alvi
823 3212 909 3280 fluor
933 3208 1094 3308 pleuritidi
1119 3212 1277 3299 contingit
1301 3231 1365 3277 una
1389 3204 1432 3275 est
1456 3210 1621 3305 ¹valdeque
1642 3205 1762 3309 proba-

348 3305 420 3379 bilis
441 3310 590 3381 (lumin
614 3330 697 3409 part.
720 3334 772 3395 39.
793 3304 864 3384 se&
890 3331 921 3378 2.
938 3301 995 3376 lib.
1018 3314 1050 3375 6.
1077 3308 1168 3403 Epid.
1197 3309 1310 3399 Qum
1330 3306 1471 3377 videlieet
1494 3332 1513 3377 a
1538 3332 1617 3406 pure
1633 3311 1779 3382 corrtenr

346 3429 384 3480 to
408 3414 442 3480 in
465 3409 592 3479 thorace
617 3429 675 3479 aut
709 3402 899 3478 membranis
932 3401 1029 3475 sanies
1050 3406 1212 3497 ,ichorque
1245 3424 1353 3472 manat
1379 3408 1438 3498 qui
1463 3403 1532 3476 ferit
1557 3409 1702 3478 intestina
1727 3413 1764 3482 dc

344 3509 485 3579 fluorem
516 3511 677 3605 proritat.
716 3508 819 3578 Aliter
857 3529 884 3572 1.
913 3505 952 3575 de
976 3497 1105 3573 morbis
1123 3506 1176 3572 ‘ait
1206 3504 1239 3568 in
1272 3503 1450 3600 purulentis
1475 3499 1598 3575 turbari
1623 3508 1760 3578 alvum.

343 3601 516 3676 Turbatur
538 3629 557 3677 a
581 3607 761 3704 phlegmate
794 3630 813 3675 a
845 3610 947 3701 eapite
978 3599 1161 3672 allabente.
1201 3602 1296 3671 Unde
1329 3626 1415 3671 anno
1454 3623 1555 3693 ¹573·
1582 3604 1764 3701 pleuritidtss

347 3699 511 3803 plerasque
534 3706 677 3777 vidimus*
696 3702 830 3775 funestas
854 3729 927 3801 quae
952 3709 985 3773 δι
1011 3705 1198 3774 vomitiones
1223 3721 1388 3865 peqnetuas
1411 3704 1556 3773 afferrent
1568 3747 1580 3780 ,
1611 3712 1647 3777 δι
1672 3699 1760 3774 sum-

345 3828 435 3876 mam
467 3807 583 3877 virium
616 3799 867 3875 imbecillitatem
905 3820 1074 3900 parerem,
1107 3801 1199 3894 quod
1234 3803 1266 3869 in
1294 3805 1495 3871 ammationis
1519 3807 1566 3877 vis
1590 3806 1632 3873 ad
1656 3822 1762 3901 partes

344 3898 467 3974 nobiles
492 3898 660 4001 praesertim
685 3928 739 3973 eor
762 3910 797 3976 &
821 3903 1032 3974 ventriculum
1059 3903 1263 3997 perveniret.
1301 3904 1341 3970 Et
1374 3901 1434 3968 hoc
1470 3896 1627 3997 plerisque
1649 3898 1764 3971 obstr-

345 4000 517 4074 sumsere:
552 4010 731 4102 putantque
765 4003 989 4098 complioatum
1021 4000 1077 4068 elle
1099 3992 1293 4077 morbum,
1327 4021 1432 4090 quum
1456 4001 1508 4069 illa
1540 4000 1599 4068 lint
1623 4011 1765 4070 *tantum

258 4143 260 4148 -
346 4098 563 4183 inpendium,
588 4107 710 4174 ratione
736 4096 839 4171 morbi
864 4100 953 4170 audii
984 4104 1019 4170 δι
1054 4100 1165 4197 pejoris
1189 4097 1328 4175 redditi.
1366 4100 1480 4191 ltaque
1505 4100 1592 4169 fluor
1616 4121 1680 4168 non
1704 4092 1763 4170 ab·

348 4196 447 4272 solute
471 4203 601 4274 malus.
629 4204 718 4275 Nam
743 4221 783 4271 ut
806 4202 912 4271 malus
939 4199 1003 4277 sit,
1026 4192 1182 4268 morbum
1208 4220 1364 4290 magnum
1388 4195 1578 4277 statuimus,
1603 4222 1689 4292 aegro
1713 4193 1766 4268 su.

349 4306 535 4397 periorom,
560 4326 615 4398 per
639 4299 849 4399 sympathiam
874 4304 908 4368 δι
934 4298 1148 4371 ventriculum
1172 4302 1206 4368 dt
1232 4297 1330 4394 hepar
1354 4297 1544 4377 iaedentem3
1580 4294 1630 4368 led
1655 4295 1765 4368 11113·

348 4419 463 4473 tuatut
487 4402 652 4472 mediocris
677 4404 846 4497 pleuritis,
878 4404 969 4487 cujus
1001 4421 1082 4492 eger
1106 4417 1217 4493 potens
1241 4397 1306 4475 fit,
1337 4419 1379 4471 an
1403 4422 1469 4467 non
1496 4397 1582 4468 fluor
1606 4398 1672 4471 alvi
1696 4420 1765 4467 ma·

346 4501 423 4568 tuse
449 4500 696 4595 Nequaquam
722 4502 788 4570 fieri
812 4503 897 4567 enim
919 4496 1018 4593 potest
1043 4516 1081 4566 ut
1105 4500 1226 4564 ratione
1249 4513 1408 4567 evacuatae
1440 4502 1580 4567 materia
1617 4490 1765 4566 morbifi-

346 4620 392 4667 cat
419 4596 483 4666 ide
505 4601 705 4672 anaeoedente
729 4599 901 4691 loquemur
923 4596 1059 4692 potius)
1094 4588 1263 4687 presertim
1288 4594 1382 4685 lignis
1407 4595 1559 4698 coitionis
1575 4597 1767 4695 apparenti·

349 4691 433 4767 bus,
457 4715 613 4769 exoneret?
627 4721 779 4770 naturam
805 4701 839 4766 δι
886 4713 1027 4790 ropterea
1051 4689 1171 4788 potiit,
1202 4690 1292 4782 quod
1324 4711 1457 4763 annotat
1480 4694 1592 4768 Galen.
1612 4696 1708 4764 Com.
1734 4698 1769 4764 in

351 4792 481 4890 Aphor.
506 4803 557 4863 16.
574 4793 632 4867 nb.
654 4806 686 4867 6.
713 4804 754 4870 Et
779 4819 836 4866 nos
859 4719 937 4889 lirpe
962 4793 1135 4890 pleuriticis
1163 4784 1310 4859 hlutares
1335 4790 1398 4862 alvi
1426 4791 1543 4869 fluores
1568 4789 1770 4891 superveniffe

353 4892 525 4965 testamur.
552 4898 639 4990 Ergo
661 4901 694 4966 in
718 4918 858 4993 utraque
882 4893 1047 4992 pleuritide
1070 4892 1130 4965 alvi
1158 4892 1245 4959 fluor
1270 4887 1312 4959 est
1346 4886 1543 4970 ι’ωιγιῦιμα,
1577 4898 1612 4962 &
1644 4895 1678 4960 in
1705 4910 1773 4960 una

355 4990 524 5068 salutans,
549 4998 584 5061 in
608 4995 705 5065 altera
738 4994 921 5096 pridiem,
951 4985 1344 5171 utcausa&s1q)num4·
1385 4990 1438 5064 Ut
1459 4989 1596 5065 orimus
1620 4981 1775 5151 ngqam
