4534 5850
544 482 1564 591 tr'rlitrurntou.n,nts.1r.
1664 551 1711 622 ,ς

340 644 370 693 “
392 631 427 724 ln
447 620 549 751 quens
561 647 680 723 libnrm
690 652 832 723 Galenus
854 669 1072 722 eomntentum
1088 673 1156 719 non
1176 641 1309 746 scripsit:
1334 653 1512 726 Leienteriae
1530 664 1708 745 emente,
1728 660 1766 737 δι’

341 753 369 792 “
394 753 578 830 diutumae‚
601 749 756 847 egestione
769 747 1126 828 subemrtecruda,aut
1150 755 1272 842 nigra,
1301 772 1359 823 aut
1389 756 1587 844 graveolcnte
1611 807 1623 838 ‚
1654 786 1765 835 omnes

339 854 373 893 ‘⁶
393 850 504 923 malz.
524 852 618 920 Sirim
632 852 815 941 inducunt,
835 872 953 950 potum
967 851 1011 918 ad
1034 849 1164 920 nstrum
1177 871 1254 919 non.
1265 872 1485 947 promovent,
1509 878 1545 924 os
1568 859 1767 941 exulcerant,

338 954 366 988 ‘³
389 942 538 1024 ruborem
554 949 716 1020 &vatum
731 954 768 1020 in
780 946 855 1020 satie
869 952 1009 1025 elevant,
1033 947 1177 1019 nucum
1192 941 1309 1019 mines
1326 954 1428 1019 omnis
1450 953 1565 1024 coloris
1597 964 1735 1029 excitant
1752 1011 1761 1026 .

344 1054 370 1088 “
396 1050 445 1119 Er
469 1051 505 1118 iis
525 1047 668 1121 homines
677 1052 766 1121 fiunt
780 1056 823 1120 im
844 1067 969 1119 orentes
977 1094 991 1126 ‚.
1012 1052 1078 1117 &n
1092 1046 1345 1139 legatoriorum
1367 1054 1522 1141 quoniam
1539 1076 1644 1126 veram
1665 1059 1765 1129 ideam

338 1136 568 1223 ltietrteriarum
595 1150 750 1249 explicat,
773 1154 808 1220 dc
826 1074 1049 1244 symptomata.
1072 1147 1111 1215 de
1134 1140 1258 1239 quibus
1281 1168 1545 1244 nemoumquam
1569 1148 1697 1252 semper.

388 1249 553 1321 Dominus
565 1247 609 1316 Le
624 1248 732 1326 Noir,
755 1240 812 1316 sub
828 1250 921 1316 finem
939 1244 1089 1325 AEslatis,
1109 1250 1145 1314 lic
1167 1252 1250 1317 cute
1267 1251 1335 1332 ejus
1361 1248 1505 1320 modium
1531 1258 1621 1325 varie
1647 1254 1761 1329 afficit.

338 1336 451 1415 batur.
478 1346 562 1416 Vere
576 1345 821 1416 melancholicus
834 1345 879 1416 est
896 1394 910 1424 ‚
931 1346 1009 1415 olim
1036 1343 1128 1416 valde
1155 1339 1284 1415 biliosus
1300 1371 1309 1413 e
1345 1339 1502 1419 Abundat
1520 1350 1624 1421 calore
1639 1357 1703 1423 arri
1727 1360 1773 1425 tic

336 1458 557 1543 corrumpente
578 1445 802 1517 alimentum.
837 1447 907 1516 Nec
932 1467 1006 1515 vere
1022 1445 1148 1543 proficit
1174 1444 1318 1517 mondo.
1340 1446 1379 1513 in
1397 1466 1591 1542 quartanam
1603 1471 1666 1520 aut
1677 1453 1763 1523 sirni-

339 1541 402 1617 lem
418 1538 569 1614 morbum
587 1536 718 1615 casurus
738 1564 830 1624 erat,
853 1545 911 1614 nist
933 1538 1095 1641 provisum
1110 1538 1213 1617 fuisset
1230 1592 1239 1612 .
1266 1547 1350 1615 Eum
1374 1546 1612 1621 medicamentis
1634 1544 1762 1623 lenibus

332 1640 513 1713 identidem
526 1646 789 1742 repurgavimus.
816 1644 926 1712 Multa
952 1644 1080 1713 illuvies
1103 1642 1223 1713 duna
1236 1641 1280 1713 est
1293 1641 1493 1717 humorum.
1517 1651 1637 1739 Quum
1654 1666 1761 1720 tamen

340 1763 407 1813 non
424 1742 570 1819 multum
595 1736 773 1813 abundaret
800 1737 970 1835 sunguine,
999 1734 1218 1836 querebamus
1241 1764 1284 1813 an
1312 1736 1440 1834 sanguis
1463 1743 1534 1811 eiiet
1550 1748 1724 1817 mittmidus
1748 1797 1758 1814 .

331 1838 400 1915 Ter
416 1840 578 1911 misimus.
601 1835 802 1908 illaudabilis
813 1859 899 1908 etat.
927 1839 1046 1908 Mrtltis
1060 1841 1150 1908 ultro
1164 1843 1308 1931 citroque
1331 1835 1420 1911 neiis
1435 1841 1625 1913 convaluit.
1653 1846 1759 1915 Venas

328 1934 415 2009 'latas
434 1930 574 2011 habebat
584 1983 596 2019 ,
619 1939 689 2009 ideo
704 1945 810 2008 minus
832 1931 1065 2036 phlebotomiam
1082 1932 1399 2026 rdmntiavinosl.
1420 1958 1458 2009 ut
1479 1957 1552 2011 ante
1570 1961 1760 2014 moomtum

331 2032 395 2105 est.
423 2034 541 2106 Similis
559 2036 633 2107 huic
650 2034 693 2107 esi
717 2036 849 2107 historia
872 2044 908 2106 in
923 2037 1016 2134 Epiri.
1045 2038 1103 2105 Vir
1125 2036 1269 2130 quodam
1293 2032 1412 2107 morbo
1437 2033 1630 2122 tenebatur,
1652 2066 1759 2138 quum
1777 2029 1920 2093 mm·

331 2140 354 2173 ‘⁸
377 2135 441 2204 sine
460 2128 532 2206 cibo
546 2132 749 2211 eisetfort‘iter
764 2139 798 2205 in
806 2156 913 2209 ventre
922 2132 955 2206 su
996 2129 1267 2213 meminebat,
1290 2158 1392 2229 quum
1400 2137 1552 2209 edisserat
1563 2147 1697 2212 contriti
1713 2147 1759 2213 ei-
1781 2128 1808 2188 5·

330 2236 354 2272 “
378 2226 413 2302 bi
429 2232 541 2314 essent,
562 2230 753 2335 tempusque
766 2234 834 2331 post
849 2230 913 2303 cibi
935 2259 1021 2304 eum
1046 2234 1230 2313 aeoeffisim
1254 2259 1319 2307 iton
1343 2236 1440 2330 longe
1460 2235 1565 2333 poster
1588 2239 1675 2308 idem
1742 2279 1759 2294 -

328 2324 352 2370 “
374 2322 532 2401 tiebatur.
556 2333 686 2431 Corpus
702 2326 877 2403 tabescebat
893 2357 930 2401 ac
956 2326 1224 2410 consumebatur,
1246 2333 1435 2405 alimentum
1461 2358 1528 2401 non
1551 2338 1698 2429 continge

328 2434 351 2470 “
375 2452 396 2500 a
413 2424 561 2501 cibotum
578 2423 650 2509 esu,
745 2431 856 2502 alvum
867 2424 1027 2505 secedebat
1043 2425 1258 2526 cibuspravus
1273 2453 1309 2501 ac
1324 2426 1533 2505 combustus.
1555 2435 1673 2523 Quum
1695 2457 1756 2507 te.
1814 2433 1921 2491 Auda-

328 2528 351 2568 “
372 2550 445 2599 cens
458 2523 567 2605 elbum
580 2454 729 2629 ‚cepissg
746 2524 886 2629 ipmtem
971 2531 1102 2597 minime
1117 2523 1269 2621 sugebat,
1293 2549 1348 2598 nte
1366 2528 1595 2609 deterruerat,
1618 2531 1664 2601 nil
1687 2539 1761 2630 opis
1776 2515 1831 2574 5²⁰
1874 2519 1921 2572 ι’·

327 2630 357 2713 ’ἦ
375 2620 526 2723 sentiebat
537 2652 556 2699 a
566 2630 814 2700 medicamentis.
844 2631 876 2700 U
902 2632 913 2698 i
929 2622 1181 2700 mesomedes
1197 2631 1231 2695 iu
1245 2646 1381 2721 utraque
1394 2650 1516 2705 manu,
1532 2629 1632 2699 dotus
1647 2595 1914 2753 cusan-2:⁵3⁶

325 2719 931 2923 translatumesse
943 2731 1216 2922 rentes
1227 2721 1753 2919 nesrtnslmem

394 2876 404 2891 .
908 2866 940 2908 ‚·
1773 2862 1829 2907 os.

325 2912 487 2998 Galenus.
512 2925 613 2996 ¹l'orrn
628 2949 730 3022 quum
744 2928 834 2998 illam
859 2927 1020 2998 historiam
1037 2928 1259 3030 particularem
1281 2932 1462 3023 proponit,
1486 2928 1620 3024 explicat
1644 2921 1753 3000 iisdem

325 3017 430 3110 verbis
452 3017 574 3122 quibus
590 3019 663 3095 usus
677 3023 743 3104 est,
766 3049 840 3097 eum
864 3021 1016 3097 morbum
1038 3047 1136 3120 quem
1159 3018 1281 3090 ἅκίπὶω
1305 3043 1397 3096 vocat
1422 3020 1478 3096 sua
1495 3025 1609 3120 lingua
1632 3075 1643 3092 ·
1666 3032 1750 3121 Quo

325 3117 438 3204 morbo
453 3125 595 3200 interiere
611 3119 814 3198 Maresenllus
828 3130 862 3196 in
886 3129 955 3226 ripa
977 3126 1151 3219 Sequanae,
1170 3128 1205 3192 ir
1221 3118 1398 3192 balduinus
1414 3124 1583 3203 Medicus,
1604 3129 1640 3194 δι
1650 3126 1753 3194 Dour.

325 3221 558 3303 d'Hodeville,
580 3221 617 3300 st
643 3218 765 3320 quibus
787 3229 921 3298 omnino
944 3228 1043 3322 hepar
1068 3219 1239 3298 biliosus,
1264 3220 1396 3297 srtcius,
1422 3224 1459 3293 δι
1487 3215 1691 3387 spualidius,
1715 3241 1754 3293 ut

325 3325 413 3422 pavi
429 3326 563 3490 {imno
579 3323 729 3396 humores
752 3329 958 3420 generatur,
981 3329 1016 3392 &
1042 3322 1139 3418 hepar
1152 3313 1259 3417 ipsum
1273 3343 1338 3390 non
1353 3320 1491 3417 amplius
1513 3343 1594 3390 uum
1608 3321 1683 3393 velit
1703 3317 1754 3392 fa-

325 3439 389 3492 aere
405 3445 428 3489 o
466 3443 566 3490 crum.

326 3527 327 3534 ’
369 3519 469 3590 ichor
484 3523 519 3590 &
533 3511 631 3588 sanies
653 3520 790 3590 maxime
813 3518 937 3592 dolores
961 3520 997 3588 δι
1021 3508 1150 3586 morbos
1174 3516 1340 3584 trutmt.
1366 3513 1465 3584 Unde
1488 3511 1528 3587 de
1553 3539 1592 3588 eo
1617 3518 1650 3586 in
1668 3508 1752 3586 libro
1767 3470 1914 3633 ἕξεί

325 3633 357 3687 r.
371 3617 467 3716 Epid.
484 3619 736 3690 annotavimus.
763 3621 804 3688 Et
820 3622 938 3687 mirum
960 3614 1088 3685 nonest
1112 3616 1136 3683 sr
1151 3617 1322 3684 Autumno
1346 3607 1451 3689 morbi
1478 3617 1587 3714 potius
1610 3617 1751 3710 qualita—
1769 3642 1883 3703 „rm

325 3733 370 3794 te,
394 3739 496 3811 quam
516 3719 696 3810 quantitate
719 3717 862 3787 humoris
878 3720 1000 3810 agitent
1016 3737 1091 3796 nos.
1118 3717 1275 3812 Hippoer.
1291 3716 1375 3784 enim
1393 3714 1502 3786 divino
1519 3715 1609 3788 velut
1633 3739 1749 3786 oratu·
1767 3725 1872 3787 mobis

325 3858 345 3892 .‚
367 3813 420 3894 lo,
444 3815 535 3910 quod
552 3809 852 3895 nemoobservavit,
875 3819 921 3886 ait
937 3817 1107 3887 Autumno
1121 3833 1225 3884 atram
1249 3806 1389 3884 bilem&
1414 3807 1528 3884 finiem
1544 3809 1745 3894 succrescere,
1767 3799 1914 3910 &dolon

325 3955 341 3993 .
364 3915 457 4007 quod
476 3915 571 3982 siccus
588 3912 827 4009 suscsrigidus.
852 3915 976 3984 Saniem
987 3934 1095 3983 autem
1110 3911 1199 3981 istam
1218 3906 1369 4004 aquosam
1383 3917 1418 3981 &
1435 3906 1637 4005 sarrrguinsam
1645 3914 1742 3982 dicit.
1767 3908 1892 3987 mosim

325 4057 340 4088 η
365 4004 480 4081 Etsub
499 4014 596 4083 finem
619 4011 679 4082 hot
695 4015 819 4111 plenius
832 4013 989 4111 explieat,
1013 4014 1093 4080 dum
1111 4013 1175 4080 ait.
1204 4015 1310 4079 Aia.
1338 4005 1502 4081 Novemb.
1529 4013 1569 4080 ad
1603 4033 1656 4076 12.
1676 4015 1744 4080 De·
1765 3989 1912 4116 ‘32⁸⁹'ss

325 4155 343 4188 .‚
367 4104 472 4180 cemb.
490 4105 587 4181 santo
610 4132 767 4204 augetur,
791 4113 862 4181 ideo
880 4105 998 4180 acerbis
1015 4115 1050 4180 &
1065 4108 1192 4178 austeris
1206 4107 1380 4178 utendum.
1405 4110 1493 4178 Hine
1507 4110 1747 4206 profluviorum
1764 4094 1911 4212 hojpm,

325 4232 350 4277 n
368 4210 579 4280 Autumnum
605 4212 812 4288 incidentium
834 4210 1024 4280 maleficium
1049 4208 1321 4278 &diuturnitas
1763 4221 1865 4285 aare.

366 4300 470 4377 Libro
487 4330 516 4378 r.
541 4307 721 4380 nostrorum
739 4309 829 4407 Epid.
846 4311 1067 4381 annotavimus
1083 4307 1123 4377 de
1150 4300 1226 4376 salsa
1245 4308 1534 4404 impraegnatione.
1569 4308 1622 4376 Ad
1641 4329 1743 4400 quam

325 4399 564 4504 lisputationem
582 4409 651 4478 duo
667 4409 740 4476 addi
766 4406 908 4505 possunt.
936 4410 1045 4486 Prius,
1067 4429 1109 4476 an
1123 4407 1201 4483 fiat,
1224 4425 1263 4475 ut
1278 4405 1404 4478 diversis
1428 4400 1624 4502 temporibus
1650 4427 1743 4476 verus

325 4500 399 4575 'etus
414 4507 619 4586 excludatur,
646 4510 682 4576 δι
701 4506 811 4584 mola,
834 4526 893 4576 avt
912 4502 1023 4577 salsum
1039 4527 1169 4599 germen
1191 4504 1293 4596 vulgo
1318 4522 1487 4574 vocatum.
1512 4506 1679 4595 Qoniam
1708 4506 1742 4571 in

325 4600 490 4696 Danustlla
506 4605 548 4677 de
571 4609 683 4686 briaco
696 4604 839 4698 legitimo
853 4624 947 4703 partu
966 4606 1056 4702 pusio
1073 4596 1215 4671 exclusus
1237 4600 1301 4677 eil,
1326 4603 1439 4694 vignrti
1463 4597 1533 4698 post
1555 4597 1666 4672 diebus
1689 4623 1743 4671 ve-

327 4706 381 4772 uti
399 4701 484 4772 mola
497 4701 620 4775 exclusa
645 4701 708 4782 est,
732 4706 771 4774 dt
792 4722 860 4773 crat
886 4697 963 4778 ιῖιμι
986 4697 1143 4788 «mazio,
1168 4717 1208 4768 ut
1227 4701 1261 4770 in
1286 4691 1374 4768 libris
1403 4700 1443 4768 de
1466 4693 1584 4769 morbis
1607 4716 1742 4768 annotat
1795 4748 1844 4807 Η
1892 4771 1907 4795 ·

325 4803 361 4872 :n
390 4822 480 4898 potr.
504 4803 606 4896 Qoa
622 4805 661 4872 aa
681 4803 741 4871 noe
757 4805 909 4900 peninar,
935 4800 1065 4870 videtur
1079 4799 1148 4866 nn
1174 4794 1276 4895 pone,
1301 4802 1335 4866 a
1359 4796 1393 4866 n
1410 4799 1566 4896 Hippon.
1582 4790 1742 4866 observat:
1768 4770 1854 4908 3252]
1875 4758 1896 4816 ⁷

325 4945 337 4979 ,
363 4825 526 4976 {sulierh
548 4901 615 4980 ait,
638 4923 712 4971 eum
721 4894 853 4970 aborsus
872 4897 976 4969 sadus
992 4896 1063 4966 esset
1079 4890 1182 4964 mense
1201 4900 1324 4989 quinto
1333 4896 1562 4987 gemellorum,
1585 4887 1628 4962 ab
1644 4891 1745 4958 altero

326 5044 338 5079 ι
361 4998 500 5097 quidem
515 4996 620 5072 statim
636 4994 768 5070 liberata
791 4996 859 5078 cst,
884 4991 1036 5068 abalttro
1047 4995 1201 5092 priusaut
1214 4990 1369 5091 pollecius
1382 4994 1600 5085 quadraginta
1609 4981 1743 5146 diplerps.
