4534 5850
1105 502 1382 579 VITA

537 683 624 732 nunc
642 679 749 731 rerum
765 669 864 758 prope
878 666 1026 735 omniurn
1046 662 1246 754 ignoratione
1261 659 1404 731 videatur
1429 655 1578 750 gloriari.
1604 653 1732 729 Relista
1756 673 1864 733 rerum
1891 678 1957 764 pn.

536 754 692 829 blicarum
708 759 973 837 administratione
989 757 1174 831 snLLo
1184 761 1242 828 Nl
1255 759 1287 828 U
1302 760 1323 830 S
1348 758 1386 827 ad
1412 749 1508 825 usum
1526 755 1692 827 Medieioae
1702 752 1897 842 secontulite
1921 770 1955 836 in

504 921 506 925 ,
560 882 604 926 uo
629 877 696 929 tam
718 860 889 956 prudenter
914 857 1105 953 feliciterque
1129 853 1283 950 segeliit,
1307 876 1346 927 ut
1370 865 1454 925 inter
1477 858 1567 951 primi
1580 859 1715 926 nominis
1739 861 1955 934 Medicosha.

383 932 438 1027 ’μ
463 947 523 988 ''¹''
578 977 666 1027 retur
698 958 922 1054 acceptissimus
944 951 1194 1054 gratissimufipue
1213 959 1287 1028 uiris
1310 951 1537 1025 consultiliimis
1568 950 1769 1042 Marescote,
1802 962 1957 1049 Magno,

385 1018 521 1152 “⁸²⁸2
539 1059 677 1134 Altino,
695 1059 823 1125 Richter
836 1055 955 1144 seniori
963 1106 975 1139 ‚
996 1062 1122 1125 Pietrco
1135 1051 1321 1132 ,Lielautio
1330 1101 1342 1132 ,
1367 1052 1572 1121 Gourmelene
1581 1096 1593 1129 ,
1623 1055 1767 1122 Μίνοιιὶο
1783 1059 1955 1135 ,Lucerem

379 1097 505 1238 affl,
538 1156 601 1230 cio,
618 1159 758 1244 seguino
776 1158 969 1235 Archiatris,
991 1150 1114 1250 quibus
1138 1151 1223 1224 fama
1247 1157 1282 1222 &
1305 1153 1408 1247 gloria
1441 1174 1500 1249 par
1523 1148 1576 1220 ese
1599 1151 1767 1247 potuisset,
1801 1155 1957 1252 siquan-

539 1273 612 1321 tum
636 1253 780 1325 deserina
804 1260 838 1325 dc
862 1259 988 1350 ingenio
1012 1249 1164 1331 valebat,
1188 1273 1316 1324 tantum
1341 1247 1400 1324 usu
1424 1256 1459 1321 δι
1483 1252 1696 1321 exercitatione
1720 1252 1865 1324 coluisset
1879 1281 1957 1327 con.

540 1353 681 1422 tendere.
707 1355 766 1423 Sed
791 1355 890 1423 bomo
914 1349 956 1425 ab
979 1359 1069 1425 omni
1093 1351 1185 1423 samae
1209 1355 1348 1449 aucupio
1370 1352 1512 1428 alienus,
1535 1351 1717 1421 dvuirmm
1740 1366 1877 1447 quoque
1893 1363 1954 1425 mi.

537 1454 622 1521 nime
638 1473 806 1549 appetens,
833 1454 968 1546 neglexit
992 1453 1183 1522 adminicula
1205 1446 1328 1545 quibus
1353 1451 1394 1518 ad
1420 1444 1559 1518 summos
1568 1448 1724 1530 honoro,
1740 1448 1953 1526 &facultates

536 1543 774 1621 conscenditur.
799 1554 912 1621 Minus
936 1554 1011 1621 aula
1034 1575 1136 1645 quam
1162 1545 1287 1621 Musaeo
1316 1542 1552 1628 delediabatur,
1576 1545 1739 1644 magimne
1762 1556 1852 1646 egris
1887 1556 1953 1652 ple-

536 1640 612 1740 beiis
637 1653 672 1715 δι
699 1644 895 1743 ignobilibus
904 1675 1006 1746 quam
1033 1644 1269 1720 illustribus&
1294 1648 1479 1742 Artlieisqui
1505 1646 1641 1716 Melicos
1661 1650 1752 1720 velut
1770 1651 1893 1721 catulos
1917 1658 1950 1724 in

535 1742 741 1845 compedibus
759 1749 882 1821 vinctos
900 1752 1092 1842 &alligatos
1109 1757 1263 1820 retinent.
1290 1751 1373 1817 Eum
1383 1747 1549 1814 Henricur
1559 1748 1701 1836 Magnus
1711 1766 1784 1820 ante
1792 1745 1880 1820 urbis
1898 1752 1952 1823 dc·

380 1813 491 1945 }ng
537 1847 690 1916 ditionem
716 1852 747 1916 in
773 1851 895 1946 oppido
918 1845 1016 1919 sandi
1043 1850 1184 1940 Dionysii
1210 1853 1245 1918 &
1271 1841 1484 1941 benignislime
1506 1865 1689 1943 exceperat,
1721 1853 1755 1919 δι
1789 1850 1829 1920 de
1859 1846 1953 1922 rebus

381 1906 518 2035 minu,
536 1943 744 2037 gravissimis,
769 1944 937 2040 pracsertim
963 1973 1038 2021 vero
1060 1949 1099 2017 de
1122 1948 1302 2017 calamitate
1318 1945 1725 2016 Paristensrumdiserentem
1750 1949 1848 2042 longo
1872 1971 1953 2021 tem·

539 2065 616 2138 pore
641 2043 823 2122 audiverat,
849 2064 888 2113 ut
912 2047 935 2113 st
960 2046 1100 2117 voluisset
1116 2046 1158 2114 ad
1183 2047 1292 2114 aulam
1315 2045 1482 2117 convolare
1507 2039 1637 2117 faveitia
1665 2040 1835 2117 habiturus
1852 2045 1955 2121 initiet

537 2144 689 2210 numina.
716 2143 774 2212 Sed
792 2136 835 2213 ab
852 2144 939 2215 Auia
955 2145 1044 2216 velut
1063 2140 1224 2214 famulitio
1248 2138 1419 2213 abhorrens
1436 2145 1585 2240 privatam
1602 2146 1702 2215 vitem
1714 2145 1955 2244 amplexusest3

536 2242 648 2310 exinde
670 2264 756 2310 anno
787 2248 890 2311 1601.
916 2263 1065 2319 evocatus
1089 2267 1108 2314 a
1133 2246 1223 2337 Rege
1247 2241 1457 2341 potentissimo
1481 2242 1620 2315 honore
1643 2247 1679 2314 δι
1705 2237 1854 2316 suadente
1878 2247 1955 2318 illu·

537 2337 678 2409 striffima
703 2345 846 2414 Domina
871 2344 910 2412 de
937 2344 1089 2438 Monglas
1114 2346 1295 2437 Regiorum
1331 2339 1520 2414 Liberorum
1555 2347 1733 2422 erratrice,
1768 2362 1808 2414 ut
1839 2368 1953 2419 curam

377 2469 499 2545 ms„
534 2433 697 2536 susciperer
720 2436 826 2512 salutis
850 2436 1024 2513 serenissimi
1047 2445 1197 2539 Principis
1223 2442 1397 2537 Delphini,
1420 2449 1510 2526 cuius
1534 2451 1627 2539 capite
1652 2438 1733 2512 salus
1756 2437 1845 2513 orbis
1873 2469 1952 2514 con«

374 2553 502 2625 digniu-
534 2533 718 2615 tinebntur,
741 2540 926 2629 dignitatem
950 2565 1020 2610 eam
1045 2536 1218 2616 recusavit,
1240 2533 1364 2609 senilem
1389 2558 1534 2618 aaron,
1549 2545 1955 2639 eierasvires,ingeniique'

376 2647 433 2728 *φ
447 2640 517 2690 Ao·
534 2641 725 2705 tenuitatem
747 2629 921 2724 objiciens,
945 2659 984 2706 ne
1007 2655 1174 2730 cogeretur
1190 2642 1292 2709 otium
1308 2637 1514 2710 domesticum
1537 2641 1636 2713 arlico
1661 2650 1815 2735 negotio,
1850 2644 1955 2740 philo·

375 2714 479 2777 Μ’·
534 2727 760 2827 lophicamque
795 2737 1023 2835 parcimoniam
1058 2737 1242 2834 Principum
1275 2738 1392 2810 deliciis
1457 2760 1604 2813 emutare.
1647 2748 1696 2811 lta
1727 2735 1776 2810 sui
1809 2744 1885 2831 juris
1919 2747 1956 2815 dc

655 2835 693 2904 tis
716 2829 818 2904 factus
841 2831 1049 2934 popularibus
1072 2831 1134 2906 suis
1160 2838 1349 2908 medicinam
1371 2762 1552 2919 sagitavit,
1576 2867 1638 2910 non
1663 2842 1703 2913 ed
1729 2841 1955 2939 aucupandam

555 2932 646 3025 quod
670 2955 754 3002 nune
779 2937 846 3004 fieri
872 2940 979 3023 amat)
1004 2937 1190 3035 popularem
1215 2961 1350 3017 auram,
1374 2941 1424 3011 vel
1447 2944 1487 3011 ad
1513 2966 1582 3039 opes
1605 2937 1729 3011 summo
1754 2941 1831 3013 aeiiu
1866 2957 1961 3010 com-¹

376 3073 504 3132 mm
534 3031 709 3125 parandas,
733 3026 784 3101 kd
808 3033 850 3103 ad
875 3057 1035 3128 aegrorum
1059 3038 1153 3106 taedia
1178 3037 1311 3108 levanda
1336 3044 1369 3109 dc
1393 3040 1558 3117 lenienda,
1583 3060 1670 3109 tanta
1696 3043 1897 3109 humanitate
1922 3044 1961 3110 δι’

372 3152 473 3231 ψ.
535 3134 705 3207 comitate,
723 3151 761 3201 ut
785 3156 850 3203 non
873 3132 971 3205 irrilar
979 3137 1153 3227 Archagati
1178 3159 1198 3203 a
1223 3131 1338 3206 savina
1365 3138 1475 3204 urendi
1499 3142 1534 3204 δι
1560 3131 1674 3204 secandi
1695 3133 1858 3202 hominum
1883 3161 1961 3204 car·

375 3242 448 3296 rcum
464 3239 511 3298 di·
530 3221 644 3311 nifex,
666 3224 718 3297 sod
743 3252 762 3299 u
785 3230 944 3301 mitiffima
968 3234 1099 3301 curandi
1122 3236 1243 3301 rarione
1267 3231 1442 3319 infantium
1473 3235 1644 3308 Medicus,
1672 3232 1773 3320 vulgo
1790 3253 1900 3300 nuncu
1943 3274 1963 3292 ·

375 3318 474 3426 ³⁸³⁸.
532 3343 637 3394 retur.
666 3329 795 3398 interim
818 3331 898 3399 nihil
913 3331 952 3400 de
975 3330 1081 3401 studio
1105 3338 1284 3411 remittere,
1310 3332 1435 3401 Graecos
1461 3328 1645 3423 Latiosque
1670 3325 1815 3398 nudiores
1847 3257 1962 3423 proiice

374 3404 463 3503 wil
479 3398 513 3472 ὰ
532 3431 568 3497 &
591 3429 731 3523 antique
753 3448 838 3501 note
860 3432 977 3502 diurna
1002 3431 1228 3525 nosturnaque
1252 3454 1350 3500 manu
1373 3431 1536 3505 evolvere,
1560 3428 1748 3497 difficillima
1766 3447 1876 3492 eorum
1886 3425 1962 3496 loca

370 3489 495 3577 'iim
533 3531 569 3599 ὅ(
592 3547 703 3597 notare
726 3533 761 3598 δι
785 3529 958 3607 iilustrare,
982 3526 1113 3625 priscam
1149 3533 1352 3623 Hippocratis
1386 3534 1420 3593 &
1457 3528 1570 3593 Caleni
1598 3523 1778 3590 doberniam
1810 3517 1961 3593 adversus

375 3586 458 3646 ‘lm'
532 3626 738 3694 Novatorum
761 3627 932 3693 calumnias
955 3631 1056 3700 tueri,
1078 3628 1118 3690 de
1141 3622 1325 3713 gravissimis
1358 3614 1477 3687 morbis
1512 3625 1547 3688 δι
1581 3617 1778 3713 peritissimos
1813 3616 1960 3714 quosque

531 3720 643 3788 litteris
666 3714 843 3795 consulere,
870 3725 904 3787 δι
929 3718 1057 3788 vicissim
1081 3741 1102 3787 a
1125 3717 1235 3786 multis
1258 3711 1398 3793 consuli,
1423 3719 1555 3786 rariores
1579 3711 1708 3788 morbos
1733 3740 1769 3787 ac
1794 3722 1959 3815 prodigio·

531 3809 579 3883 ὡς
603 3818 637 3883 in
659 3808 831 3886 adverbria
855 3838 964 3909 cogere
990 3820 1024 3885 dc
1048 3815 1237 3913 explicare,
1265 3816 1463 3908 singulorum
1493 3809 1679 3885 morborum
1706 3815 1847 3886 historias
1873 3821 1961 3915 Hip·

533 3916 670 4011 portatis
691 3914 836 4013 exemplo
857 3908 1043 3995 describere,
1067 3916 1209 4008 quotidie
1233 3914 1357 4009 aliquid
1374 3916 1545 3993 adnotare,
1568 3909 1752 3995 observare,
1777 3916 1838 3985 des
1863 3938 1954 3998 nare3

534 4031 574 4082 ut
598 4016 718 4083 mirum
743 4015 782 4083 iit
804 4009 965 4108 negotioso
989 4016 1111 4085 homini
1134 4034 1263 4085 tantum
1288 4012 1387 4086 lludii
1407 4018 1449 4086 ad
1474 4034 1523 4085 tor
1547 4018 1740 4086 monimenta
1763 4009 1959 4085 coneriben·

535 4112 595 4190 dac
619 4115 743 4181 homini
768 4135 844 4183 vero
867 4108 1003 4185 studioso
1028 4133 1156 4183 rantum
1180 4117 1241 4182 otii
1264 4114 1305 4182 ed
1330 4132 1398 4182 tam
1422 4112 1629 4184 multacirca
1665 4106 1960 4210 aegrossuscipien·

533 4211 576 4279 da
693 4216 725 4280 ia
748 4204 944 4309 superfuisse.
969 4217 1088 4303 Quum
1112 4234 1189 4281 vero
1214 4207 1471 4307 perfestiiiimum
1496 4214 1531 4279 bc
1558 4204 1825 4282 absolutiffinum
1851 4212 1959 4283 Medi·

377 4285 513 4352 Μὴ·
533 4230 697 4379 ruffio
720 4309 859 4379 eruditio
883 4335 948 4379 non
972 4308 1161 4386 constituat,
1186 4303 1235 4377 scd
1258 4303 1401 4405 'probitas
1424 4314 1458 4379 δι
1484 4310 1612 4388 virtus,
1637 4315 1727 4398 eujus
1752 4314 1855 4404 gratia
1873 4329 1957 4380 cere-

376 4376 438 4433 Μ
469 4372 512 4447 ‘¹‘
533 4431 569 4479 ra
588 4432 660 4503 que
684 4412 717 4477 in
735 4413 1227 4505 vstawnnngunexpetunurc
1251 4407 1729 4503 pomtcurucrrtnus
1754 4408 1958 4479 sntio.

373 4458 488 4602 m:
532 4509 592 4577 Nl
605 4508 693 4585 US,
717 4526 757 4576 ut
779 4511 897 4601 ingenii
920 4508 1042 4601 gloria,
1065 4508 1105 4575 iic
1129 4528 1261 4576 morum
1283 4508 1464 4599 integritate
1493 4506 1640 4598 gloriari.
1677 4508 1829 4578 Pietatem
1868 4511 1957 4577 enim

276 4675 279 4681 ,
374 4621 469 4698 eju„
529 4609 684 4704 imprimis
706 4629 779 4699 qut
802 4611 959 4679 virtutum
974 4604 1282 4683 estcondimentum,
1307 4596 1491 4689 ὶμιιμᾶιιι
1514 4598 1548 4667 rc*
1572 4601 1719 4685 edbert,
1733 4613 1779 4679 ita
1793 4605 1953 4683 excoluit,

375 4706 461 4768 rhilc
479 4708 515 4768 de
531 4724 569 4775 ut
594 4706 723 4775 nulium
746 4705 830 4776 diem
854 4727 874 4774 a
898 4701 984 4776 iacto
1007 4703 1102 4774 nisa
1125 4699 1277 4775 sacrificio
1299 4700 1488 4773 intermisisse
1512 4698 1867 4800 perlubeaturezomnia
1892 4727 1955 4775 au-

375 4791 465 4849 m·
530 4801 663 4931 spiratus
685 4825 706 4873 a
732 4802 803 4873 Deo
827 4808 860 4871 δι
885 4807 919 4873 in
946 4802 1061 4874 Deum¹
1078 4807 1186 4872 omnia
1210 4799 1343 4871 reserens
1368 4841 1379 4876 ,
1412 4818 1449 4870 ut
1474 4822 1549 4899 pote
1584 4824 1687 4894 quum
1700 4800 1771 4878 ,Orc
1793 4795 1955 4886 papinio,

374 4887 444 4931 '’⁸''
532 4927 613 4970 aar
637 4896 748 4987 ἕτεροι
771 4896 908 4988 rc'prcct,
932 4894 1251 4995 prael‘ente&favenre
1275 4899 1406 4967 numine
1424 4884 1844 4993 ‚quod-,inernicrbtletests
1857 4890 1954 4965 ¹facili

529 5006 657 5099 negotio
679 5000 825 5098 explicam
848 4997 931 5102 pose
954 5001 1172 5100 profiteretur.
1205 4999 1313 5093 Tacita
1344 5015 1454 5076 autem
1481 4998 1611 5074 cariore
1642 4979 1878 5095 exardescebat,
1914 5012 1958 5081 ιιιΙ

1116 5127 1119 5138 ·
1836 5110 1902 5160 non
