4534 5850
547 481 592 541 2⁶
788 441 1613 533 rriosuioruii

343 630 377 683 n,
390 628 486 699 sefer..
560 615 702 687 Qiidam
717 610 884 703 pleuritico
899 619 947 668 ter
971 617 1068 688 atque
1090 609 1206 689 quater
1229 584 1309 659 etin
1326 611 1405 659 veria
1421 591 1587 685 modiana,
1612 612 1719 683 quum
1740 588 1931 664 cammite-

342 707 574 781 ›cibusve-dici
597 703 751 781 conserent
768 701 968 771 tundendam
979 691 1157 772 basilicam,
1180 685 1363 788 sedquia&
1387 687 1798 798 eratparuiiiflconspicua,
1821 697 1857 762 lle
1882 714 1931 764 rs·

342 810 447 849 narum
499 801 672 877 --musculus
687 821 813 874 tantum
832 790 1045 870 cernebatur,
1068 794 1103 862 id
1167 812 1208 861 ut
1232 811 1347 888 pamm
1369 785 1540 885 Ρωῆὶῑῑῑη
1562 786 1721 858 ”dms
1741 810 1782 858 ἃ
1809 786 1931 871 stffiffs
1960 882 1964 892 ,

338 873 474 949 'usk‘
501 921 623 977 ¹eontra
637 923 674 969 es
698 890 866 991 adjuturi,
890 919 928 965 ex
945 918 1010 988 qua
1034 892 1145 963 rivulo
1194 895 1229 959 δι
1254 890 1377 957 affatim
1401 881 1528 980 sanguis
1548 886 1694 964 eoem,
1717 910 1828 984 quum
1856 891 1932 961 alid

342 957 451 1093 ’ἰπὶ
502 1008 570 1094 qui
588 998 837 1095 parumdifferre
852 1014 1001 1094 putarent
1025 1015 1131 1086 quum
1157 983 1199 1059 ab
1223 989 1334 1058 eodem
1358 986 1653 1057 densenturramo:
1678 1007 1808 1067 samen,
1829 1010 1931 1084 quom

341 1057 415 1187 iia.
512 1121 628 1196 parum
654 1092 798 1199 prosuill'e
823 1091 970 1166 sessiones
995 1093 1178 1164 viderentur
1209 1092 1245 1158 &
1279 1087 1466 1156 educeretur
1497 1079 1670 1154 laudabilis
1693 1081 1821 1181 forgiis
1840 1136 1855 1193 .’
1890 1095 1935 1160 vi-

375 1216 408 1263 ..·
437 1225 477 1272 ,rt
499 1190 584 1265 -sum
607 1194 651 1266 cst
675 1191 878 1266 meliussore
895 1195 917 1262 si
937 1183 1133 1262 ramusculus
1157 1187 1209 1257 iile
1231 1181 1403 1263 sen'rctur,
1427 1186 1519 1280 quod
1541 1185 1624 1254 reela
1647 1186 1689 1253 ad
1713 1206 1836 1285 partem
1862 1190 1936 1258 affe·

337 1332 341 1339 ·
438 1320 478 1351 -i·'=
503 1295 598 1368 'siam
621 1298 803 1393 pertineret:
829 1293 1000 1369 tunditur,
1025 1284 1153 1380 sanguis
1175 1287 1250 1355 fluit
1280 1277 1500 1363 illaudabilis,
1531 1283 1635 1357 statim
1649 1285 1832 1365 allevatur,
1857 1288 1934 1357 adeo

453 1404 459 1467 ’τ
511 1400 547 1466 iii
571 1389 759 1467 ditionibus
773 1415 858 1462 vena:
882 1385 1134 1484 mcgrusrciciida
1148 1384 1192 1456 est
1208 1382 1255 1468 iis
1282 1381 1576 1465 prsssdsiotoou‘a.

340 1521 474 1590 Agma,
547 1493 746 1588 {pilepsiaa
770 1493 921 1561 comitiis
938 1481 1072 1558 morbus
1093 1486 1278 1559 Comitialis
1302 1485 1402 1577 vulgo
1426 1504 1655 1580 nuncupator.
1683 1485 1855 1584 Propterea
1880 1508 1934 1597 au-

340 1594 375 1665 eir
397 1590 461 1674 per.'
511 1607 576 1660 tem
592 1590 798 1659 Cornitiolem
814 1581 967 1659 morbum
990 1587 1055 1658 dici
1079 1584 1255 1657 decernunt
1271 1585 1360 1678 quod
1370 1584 1518 1654 Comitia
1533 1584 1761 1652 dirimerentur
1776 1607 1813 1652 ac
1829 1585 1935 1653 dimit-

341 1682 464 1763 suriani
511 1705 673 1766 errentur,
699 1688 811 1781 siquis
828 1684 908 1755 sorte
931 1708 1037 1779 quum
1061 1685 1126 1754 lucc
1151 1677 1345 1752 haberentur
1362 1676 1547 1780 paroxylino
1570 1682 1739 1778 epileptico
1765 1683 1934 1780 prehende-

339 1764 444 1859 ’ΨΜ
513 1806 603 1855 retur
627 1837 636 1855 .
661 1787 720 1857 Sed
745 1785 829 1855 istud
852 1805 981 1878 etymon
1008 1830 1019 1865 ,
1042 1784 1097 1857 etsi
1121 1806 1141 1853 a
1165 1784 1314 1853 Comitiis
1337 1782 1534 1858 deducitur,
1557 1805 1623 1849 non
1648 1799 1755 1851 tamen
1781 1803 1800 1848 a
1823 1782 1934 1848 dimit-

340 1843 460 1925 ’μὰψ
510 1886 613 1955 tendis
637 1888 774 1954 comitiis
790 1903 901 1956 ortum
918 1876 1032 1954 habet:
1058 1886 1152 1980 Quin
1176 1887 1283 1978 potius
1308 1882 1479 1951 comitialis
1502 1901 1619 1948 nomen
1643 1874 1778 1947 morbus
1802 1885 1932 1956 invenit,

339 1948 386 1985 am
408 1950 464 1990 mo·
507 1984 600 2074 quod
625 1989 652 2048 is
676 1983 761 2050 illius
785 1978 893 2051 morbi
923 1985 1049 2055 latentis
1073 2028 1084 2058 ,
1119 1986 1155 2050 δι
1188 1981 1229 2048 ad
1254 2000 1379 2075 tempus
1403 1975 1551 2079 suppreili
1575 1983 1711 2047 maxime
1746 1986 1780 2045 iii
1804 1983 1933 2048 oomitiis

341 2029 464 2115 0ch
510 2086 543 2153 δι
569 2080 742 2147 hominum
776 2083 914 2151 coitione
948 2072 1058 2148 celebri
1089 2080 1201 2149 emicat
1243 2101 1279 2146 sc
1302 2071 1481 2153 elucescit,
1513 2099 1589 2145 nam
1612 2100 1719 2170 quum
1744 2072 1931 2145 morborum

361 2174 387 2257 .'
500 2176 587 2248 -iiata
612 2177 744 2274 periodo
779 2180 1030 2271 circuitioncque
1066 2177 1268 2246 redeuntium
1299 2175 1353 2247 alii
1386 2175 1447 2244 hoc
1480 2177 1588 2272 potito
1620 2195 1763 2272 tempore
1795 2176 1846 2247 vel
1880 2177 1934 2244 hac

452 2264 475 2359 ,¹
504 2277 670 2349 occasione
698 2279 871 2348 excitentur
896 2300 932 2346 ac
959 2274 1156 2374 pullulent,
1187 2296 1290 2369 quam
1322 2275 1414 2352 illo,
1464 2273 1554 2345 illave
1585 2276 1777 2353 occasune,
1812 2276 1836 2343 si
1866 2280 1934 2369 quis

506 2377 656 2474 epilepsia
670 2375 714 2450 est
728 2369 903 2456 obnoxior,
940 2376 1073 2468 maligni
1096 2375 1193 2467 hujus
1217 2367 1322 2445 morbi
1347 2369 1447 2443 semen
1472 2371 1559 2443 boile
1577 2369 1636 2444 sese
1660 2371 1779 2472 profert
1803 2397 1839 2442 ac
1864 2399 1932 2470 pro

502 2472 639 2553 -iundi't,
664 2495 738 2545 tum
761 2502 867 2568 quum
890 2479 1084 2569 cogitatione
1106 2468 1270 2541 cerebrum
1294 2495 1331 2541 ae
1354 2476 1556 2543 contentione
1580 2475 1690 2570 aliquo
1714 2491 1844 2547 metuve
1867 2497 1932 2541 mo

510 2591 604 2643 serui
630 2595 667 2641 ac
691 2575 886 2664 percellitur:
911 2574 1066 2665 fiquidem
1089 2565 1260 2661 spirituum
1284 2571 1322 2635 fir
1346 2571 1484 2664 impetus
1502 2574 1536 2639 &
1563 2592 1671 2641 motus
1699 2573 1837 2665 quidam
1853 2579 1936 2640 iiior·

507 2669 662 2743 dinatus,
695 2685 794 2755 quem
817 2659 1008 2743 cerebrum,
1040 2682 1097 2732 aut
1127 2664 1329 2742 delicatum,
1353 2685 1410 2733 aut
1435 2661 1630 2737 inbecillum
1655 2667 1741 2739 facile
1756 2696 1823 2740 nori
1850 2669 1932 2741 sert.

497 2767 555 2835 -At
581 2768 640 2855 qui
663 2766 697 2831 in
719 2765 905 2832 concionem
930 2762 1090 2858 prodeunt
1115 2759 1263 2840 dicturi,
1295 2781 1353 2832 aut
1375 2763 1414 2833 de
1441 2787 1474 2836 re
1537 2774 1590 2838 avi
1625 2763 1832 2841 deliberaturi
1864 2793 1935 2838 con-

506 2854 722 2936 tremiscunt,
758 2876 911 2955 metuque
946 2864 1172 2954 quatiuntur,
1202 2883 1238 2930 ac
1263 2860 1358 2949 hujus
1394 2788 1644 2962 perturbationis
1675 2875 1743 2942 vim
1778 2866 1870 2947 facilc
1893 2888 1939 2937 ce-

507 2951 640 3028 rebrum
654 2950 862 3053 perseiitiscit5
897 2959 980 3028 illud
1004 2964 1089 3029 enim
1114 2959 1291 3037 dividitur,
1324 2986 1475 3057 nuncque
1500 2968 1585 3058 huc,
1620 2991 1770 3061 nuncque
1793 2969 1872 3042 illuc
1889 2990 1938 3036 ra-

509 3060 621 3152 pitur,
646 3055 850 3128 contrahitur
872 3064 908 3128 in
932 3053 982 3140 se,
1013 3059 1093 3129 dum
1116 3081 1192 3128 mox
1220 3053 1248 3126 se
1273 3053 1301 3126 se
1326 3063 1458 3156 explicat
1483 3085 1519 3129 ac
1542 3071 1712 3159 exprimit,
1747 3085 1784 3132 ut
1817 3075 1940 3134 mirum

502 3178 576 3228 non
600 3156 638 3225 sit
662 3155 684 3226 si
710 3176 799 3229 vetus
824 3160 993 3228 infirmitas
1017 3151 1208 3234 innotescet,
1239 3154 1394 3249 facileque
1418 3159 1600 3250 detegatur.
1628 3161 1728 3251 Quod
1755 3157 1940 3232 Alcibiades

510 3248 582 3323 iuis
655 3251 785 3333 refecit,
820 3250 915 3327 verba
948 3251 1063 3327 faciens
1093 3255 1179 3351 apud
1205 3255 1387 3352 populum,
1417 3258 1506 3344 cujus
1531 3276 1636 3325 tamen
1671 3253 1772 3327 fronte
1804 3266 1941 3330 muume

510 3278 691 3451 pcnuffiri
717 3346 889 3435 debuisset,
921 3359 956 3426 δι
981 3372 1087 3423 tamen
1112 3372 1200 3423 torus
1219 3347 1337 3426 solebat
1351 3349 1603 3428 contremiscere.
1639 3360 1685 3426 Ac
1703 3357 1824 3425 Soerati
1841 3353 1943 3428 istum

509 3446 697 3521 muliebrem
722 3473 845 3523 merum
870 3446 1021 3543 objicenti
1045 3460 1080 3526 Sc
1105 3454 1280 3525 affirmanti
1303 3454 1447 3544 dedecere
1463 3462 1601 3526 suamne
1626 3449 1844 3529 Alcibiadem,
1869 3471 1942 3524 tan-

511 3567 545 3617 ta
570 3556 604 3617 iii
629 3553 792 3644 populum
817 3552 968 3644 potestate
991 3554 1182 3643 preditum,
1214 3576 1322 3620 coram
1346 3554 1469 3645 populo
1495 3559 1528 3620 δι
1553 3556 1586 3618 in
1605 3555 1754 3619 concione
1769 3552 1939 3622 hominum

510 3638 708 3734 plebeiorum
726 3651 760 3711 δι
779 3646 1025 3734 proletariorum
1050 3650 1095 3708 ita
1126 3652 1255 3717 terreri,
1288 3640 1570 3740 responditputare
1593 3641 1674 3717 sein
1691 3650 1863 3719 hominnm
1882 3648 1938 3720 isla

510 3731 686 3826 frequoim
712 3760 775 3801 riori
801 3756 939 3830 panem
965 3737 1136 3803 hominum
1156 3756 1322 3814 catorum,
1349 3744 1383 3810 δε
1407 3763 1454 3810 res
1479 3765 1610 3837 magnas
1619 3747 1750 3836 aggredi
1769 3742 1936 3819 solitorum

510 3850 682 3900 numerum
697 3826 811 3897 adesse.
843 3829 948 3898 Immo
964 3827 1070 3902 nostra
1083 3839 1241 3903 memoria
1250 3829 1457 3909 observatum
1481 3839 1524 3911 est
1548 3842 1751 3916 clarissimum
1763 3846 1939 3925 Rudinum,

511 3948 617 4017 quum
638 3949 739 4021 pauca
757 3919 886 3999 haberet
912 3927 1040 3999 dicenda
1066 3933 1153 4027 apud
1171 3934 1295 4026 Regem
1318 3933 1514 4012 franciscum
1534 3948 1679 4038 primum
1706 3992 1717 4025 ,
1742 3940 1938 4017 obmutuisse

504 4021 689 4097 aesterilem
707 4026 862 4122 paruisse,
885 4029 965 4097 adeo
982 4023 1122 4128 aspectus
1143 4032 1241 4124 Regis
1259 4034 1416 4123 majestate
1437 4046 1524 4132 regia
1540 4042 1651 4140 plenus
1670 4066 1746 4111 cuni
1763 4064 1938 4122 terruerat,

509 4145 616 4215 quum
632 4142 739 4193 tamen
755 4150 863 4193 omnes
879 4118 978 4197 sciant
995 4149 1124 4220 quantae
1142 4138 1243 4202 animi
1267 4134 1374 4213 dotes,
1399 4137 1540 4217 divitie,
1564 4145 1599 4211 ἃ
1622 4144 1729 4236 ampla
1745 4149 1865 4238 ingenii
1887 4136 1940 4211 su-

512 4219 615 4315 pellex
632 4220 750 4289 Budaeo
766 4217 880 4299 suerit,
906 4218 957 4293 sed
982 4229 1014 4293 in
1040 4229 1152 4298 recessu
1176 4250 1263 4309 erat,
1287 4256 1353 4300 non
1376 4239 1411 4300 iii
1429 4232 1551 4305 fronte.
1577 4241 1618 4305 Er
1641 4242 1675 4308 in
1694 4243 1826 4315 Basilica
1850 4244 1939 4312 Pari-

512 4318 598 4385 sienfi
614 4316 929 4401 dierorusiodciius,
953 4326 1119 4394 acutissimi
1145 4332 1179 4395 &
1205 4320 1398 4399 sollertililmi
1416 4333 1516 4404 homo
1532 4341 1648 4428 ingenii
1659 4385 1670 4414 ,
1697 4336 1856 4434 felicisque
1871 4363 1938 4410 mc-

511 4421 737 4487 moriaecoram
754 4421 894 4488 chrico
911 4419 1000 4515 Rege
1016 4418 1203 4503 obmutuit,
1228 4420 1481 4525 obstupuitque,
1504 4458 1539 4502 as
1560 4434 1865 4531 marmaritis
1884 4441 1940 4508 illo

510 4532 653 4609 tempore
671 4537 778 4587 rerum
794 4522 939 4590 nmmum
955 4545 1038 4615 quas
1060 4530 1170 4595 animo
1195 4529 1472 4622 comprehenderat
1495 4527 1637 4602 oblitum
1651 4529 1758 4610 sulib,
1783 4553 1822 4603 ut
1845 4537 1939 4607 nulia

512 4633 593 4706 pene
617 4616 738 4685 ratione
761 4616 803 4683 ad
827 4611 857 4688 se
884 4618 1050 4702 rediverit,
1085 4629 1117 4695 dc
1142 4625 1166 4695 ss
1191 4624 1264 4724 plus
1288 4629 1375 4724 apud
1401 4630 1505 4723 Reges
1527 4638 1539 4698 i
1562 4625 1612 4697 sos
1633 4649 1784 4726 consepra
1807 4632 1848 4702 de
1871 4633 1938 4705 istis

511 4705 690 4779 luminibus
716 4713 826 4782 Gallia·
850 4722 1035 4808 ignorantie
1057 4726 1167 4818 opinio
1192 4724 1355 4804 valuisset,
1385 4751 1484 4819 quam
1509 4751 1545 4795 ro
1590 4744 1697 4796 ratum
1719 4732 1783 4813 iam
1807 4754 1845 4802 ac
1861 4756 1939 4804 con-

513 4809 696 4886 firmatum,
718 4830 816 4904 grave
839 4837 875 4884 ac
899 4815 1043 4909 Regium
1067 4821 1105 4887 de
1128 4817 1295 4911 utriusque
1320 4831 1354 4893 vi
1377 4830 1413 4898 &
1435 4827 1580 4918 ingenio,
1612 4827 1646 4892 ἃ
1662 4826 1870 4903 ineuntibus
1885 4836 1940 4901 lit-

512 4912 587 4978 teris
608 4907 785 4999 judicium,
815 4914 923 4981 manes
947 4938 983 4984 ac
1007 4916 1137 5008 inglorii
1160 4911 1366 4994 Miseni.
1399 4923 1448 4997 Ae
1472 4948 1537 4996 non
1562 4941 1630 4993 tem
1655 4932 1760 5001 ineis
1792 4924 1937 5023 suspeea

1823 5024 1887 5096 suit
