4534 5850
583 486 650 550 160
854 467 1684 549 El‘lDE'MlORUM'

392 710 397 717 ,
525 628 663 708 matosus
678 639 713 705 δι
736 631 938 724 aliquantum
962 628 1154 722 lethargicus
1178 625 1280 697 fabius
1304 624 1365 694 est.
1392 629 1502 719 Ingens
1520 628 1629 722 capitis
1647 619 1750 692 calor.
1770 623 1945 699 Mortuus.

531 737 628 803 Venae
643 727 769 799 sublato
783 731 889 796 eranio
905 748 1057 825 apparent
1077 727 1175 823 plmae
1191 721 1338 817 sanguine
1356 724 1601 794 melancholico.
1629 725 1753 815 Magna
1772 716 1844 791 satis
1857 748 1949 820 aque

428 896 433 910 ,
529 831 669 926 limpidae
686 833 850 923 quantitas
867 829 899 894 in
922 828 1105 896 ventriculis
1123 844 1243 920 reperta
1264 820 1325 891 est.
1353 828 1408 891 An
1429 826 1461 891 id
1476 825 1595 894 occalio
1612 824 1722 889 mortis
1744 819 1803 889 elle
1820 831 1951 918 potuita

372 893 497 976 ΩΨ*
581 929 688 996 liliola
705 930 745 995 D.
766 927 971 1017 Sangermani
997 928 1171 1021 Quintana
1189 918 1263 990 tulli
1280 915 1460 990 laborabat.
1488 919 1566 990 Visa
1583 919 1627 989 est
1650 921 1855 991 convaluiile.
1883 926 1962 994 Rer

373 973 507 1052 naenffls.
532 1029 665 1096 eruduit
682 1019 833 1095 morbus.
862 1025 946 1091 Ante
966 1017 1095 1089 obitum
1114 1040 1237 1090 excreta
1255 1017 1299 1087 est
1320 1043 1337 1086 e
1361 1015 1486 1090 cerebro
1509 1044 1563 1117 per
1587 1041 1676 1087 nares
1692 1023 1822 1089 materia
1846 1022 1950 1091 laren-

470 1130 472 1135 ’
532 1129 572 1194 tis
589 1120 754 1193 absrellus.
784 1124 1018 1191 Armotavimus
1035 1119 1131 1215 paulo
1154 1139 1226 1188 ante
1242 1118 1351 1187 multis
1370 1121 1402 1188 irl
1418 1120 1575 1211 eontigille
1600 1117 1672 1187 ruffi
1686 1119 1831 1215 populari
1862 1117 1950 1189 aflli-

532 1224 591 1295 ἂίς
608 1244 645 1293 ut
661 1223 727 1293 filio
747 1215 858 1290 sororis
883 1213 1047 1289 l'hiliberti
1063 1218 1223 1290 Santueil.
1253 1222 1306 1287 An
1329 1241 1393 1287 non
1413 1220 1445 1286 id
1469 1214 1571 1289 serina
1590 1215 1804 1286 destillationis
1828 1221 1948 1289 oeeasto

532 1322 590 1392 elle
697 1324 737 1389 ite

581 1341 693 1491 &prhbu
697 1423 740 1490 D.
760 1417 880 1509 Myron
895 1420 1008 1487 dicenti
1028 1411 1281 1513 phlebotomiam
1301 1411 1360 1484 sibi
1385 1410 1501 1512 semper
1525 1415 1684 1486 molestam
1702 1416 1783 1495 elle,
1808 1416 1842 1487 &
1867 1441 1948 1486 non·

531 1519 616 1590 nihil
634 1521 741 1588 afferre
758 1510 1016 1593 formidolosum,
1043 1509 1123 1586 scen
1139 1540 1219 1588 vena
1233 1516 1298 1594 est,
1316 1516 1356 1583 ad
1372 1515 1439 1583 duo
1458 1510 1533 1586 vasa
1550 1510 1675 1608 sanguis
1693 1516 1835 1585 demtus.
1856 1519 1947 1585 Hor-

529 1623 619 1693 ruit,
642 1618 801 1686 deliravit.
828 1619 917 1685 Mori
936 1609 1119 1682 videbatur.
1149 1617 1201 1685 An
1221 1618 1372 1710 nonquia
1391 1615 1533 1682 nondum
1554 1633 1620 1683 erat
1640 1634 1796 1712 purgatus
1811 1613 1946 1706 diligen-

387 1798 389 1802 ·
529 1731 601 1784 ter?
628 1718 670 1782 D.
689 1715 863 1783 Palmarius
880 1713 1034 1782 existimat
1048 1736 1179 1811 corpore
1197 1717 1350 1813 impuro,
1376 1706 1545 1808 presertim
1566 1719 1685 1784 circum
1708 1737 1743 1782 os
1778 1713 1945 1784 ventriculi

529 1818 564 1882 δι
583 1813 698 1880 limum
715 1813 855 1908 hepatia,
877 1811 1104 1880 detraelionem
1132 1808 1289 1904 sanguinis
1314 1813 1378 1881 haec
1405 1814 1537 1880 terrifica
1562 1816 1671 1893 afferre
1695 1807 1905 1910 symptomata
1933 1865 1940 1877 .

525 1913 602 1980 Hoc
622 1907 743 1979 fortalle
757 1934 822 1978 non
842 1930 924 1979 earet
941 1913 1080 1979 ratione.
1108 1913 1196 1981 Nam
1215 1935 1320 2004 quum
1344 1931 1513 2008 repurgata
1536 1911 1580 1981 est
1595 1913 1765 2003 diligenter
1786 1933 1857 2008 pars
1891 1911 1944 1979 illa

527 2002 688 2106 superior,
712 2027 789 2077 tunc
805 2014 839 2079 δι
857 2013 977 2089 tutius,
1003 2013 1037 2078 ὅ(
1063 2010 1124 2078 sure
1138 2031 1257 2103 magno
1274 2005 1485 2106 symptomare
1509 2010 1648 2082 demitur
1671 2007 1821 2100 samguis.
1850 2012 1945 2098 Qua-

526 2101 673 2175 mobrem
690 2108 836 2176 Medicus
859 2109 1033 2201 aliquando
1052 2110 1175 2177 eredere
1191 2105 1282 2176 debet
1299 2112 1408 2202 agris,
1432 2127 1470 2178 ut
1494 2111 1545 2180 vel
1568 2105 1697 2178 secando
1714 2123 1852 2180 venam,
1889 2107 1942 2176 vel

527 2203 633 2273 dando
649 2206 857 2302 pharmacum
873 2205 1041 2276 restrielior
1055 2211 1090 2275 dc
1113 2214 1235 2277 cautior
1260 2208 1314 2276 sit.
1343 2210 1429 2277 ldem
1446 2210 1577 2304 contigit
1593 2200 1681 2277 servo
1701 2205 1793 2273 D.de
1803 2203 1941 2294 Soulcy‚

525 2303 553 2369 1.
570 2303 725 2373 Blanche:
751 2307 875 2400 lneepit
894 2307 1024 2375 convelli
1042 2302 1112 2403 post
1127 2308 1313 2377 mediocrem
1337 2307 1566 2378 detractionem
1581 2301 1756 2397 sanguinis.

576 2402 681 2471 Sorori
702 2404 852 2470 Dominae
872 2404 912 2470 de
928 2403 1094 2474 Granville
1113 2408 1215 2475 fluxio
1229 2414 1263 2476 in
1280 2400 1465 2476 brachium.
1494 2407 1602 2476 Nullis
1618 2396 1819 2478 allevabatur
1843 2422 1942 2468 reme·

524 2499 602 2568 diis.
629 2493 866 2593 ingravescebat
883 2502 1020 2570 malum.
1050 2505 1177 2572 Datum
1200 2505 1367 2574 decoeium
1392 2500 1597 2575 sudorificum
1620 2499 1698 2574 bis.
1732 2498 1905 2571 Convaluit
1929 2546 1938 2566 .

525 2601 579 2666 An
596 2623 661 2665 non
682 2599 763 2665 idern
779 2592 932 2684 ejusmodi
948 2596 1186 2670 defluxionibus
1205 2600 1405 2670 faciendum?

576 2698 602 2762 l.
626 2698 665 2763 de
682 2695 821 2787 Hanliy,
847 2697 915 2794 post
934 2692 1062 2796 speciem
1076 2699 1196 2783 doloris
1220 2700 1309 2787 colici
1326 2702 1358 2766 in
1382 2705 1511 2792 regione
1538 2701 1682 2796 hepatis,
1706 2697 1801 2766 dolor
1833 2691 1940 2765 obori-

524 2810 582 2864 tur
600 2794 662 2864 sine
685 2787 791 2873 febre,
814 2790 919 2866 saltem
938 2822 1003 2866 non
1027 2794 1214 2868 manifesta.
1240 2801 1331 2866 forte
1357 2792 1526 2869 videbatur
1551 2792 1818 2871 consentaneum,
1850 2795 1939 2890 quod

524 2893 621 2961 dolor
644 2895 820 2977 levaretur,
844 2890 978 2968 srsebris
1002 2891 1235 2992 superveniret,
1260 2919 1313 2997 per
1331 2893 1511 2997 aphorism.
1531 2901 1688 2997 Hippocr.
1706 2897 1744 2966 de
1762 2894 1938 2985 dolorehy-

524 2993 712 3090 pochondrii
727 2996 789 3063 stne
812 2989 913 3064 febre.
941 2998 982 3065 Et
1037 3017 1144 3066 ceatur
1167 3017 1279 3067 eontra
1302 3020 1377 3066 eum
1403 2992 1632 3095 Aphorismum
1649 2997 1726 3091 saepe
1749 3044 1757 3060 .
1784 2993 1874 3063 sena
1891 2988 1940 3060 bis

523 3114 624 3169 vena,
650 3098 684 3163 dc
700 3094 778 3163 daeo
802 3096 975 3192 pharmaco
992 3018 1120 3191 shepius,
1145 3098 1324 3165 convaluit.
1351 3096 1457 3164 Credo
1471 3097 1561 3188 quod
1579 3090 1622 3161 ab
1638 3088 1784 3184 orgasmo
1800 3094 1939 3160 materiei

521 3182 640 3260 biliosa
656 3195 772 3261 circum
791 3217 986 3268 concavum,
1009 3188 1198 3286 &gibbum
1218 3195 1339 3288 hepatis
1362 3192 1455 3258 dolor
1471 3189 1605 3259 obortus
1622 3189 1683 3257 est.
1713 3189 1798 3253 idem
1820 3190 1941 3258 vetulae

523 3285 702 3360 Damiseliae
720 3294 763 3360 Le
778 3315 856 3383 voys
869 3294 947 3363 olim
962 3286 1055 3360 strvae
1079 3294 1229 3383 contigit.
1259 3290 1412 3359 Dolorem
1426 3290 1560 3357 eolieum
1585 3286 1641 3358 elle
1659 3278 1844 3355 credebant.
1873 3289 1941 3352 Pro

521 3381 681 3486 desperata
697 3410 783 3461 erat.
810 3391 900 3463 seua
918 3414 996 3462 vena
1012 3384 1079 3471 bis,
1103 3395 1138 3460 δι
1155 3411 1325 3489 provocata
1348 3388 1421 3459 alvo
1444 3387 1633 3459 convaluit.
1669 3382 1866 3455 Audendum
1891 3381 1940 3452 est

522 3484 645 3581 aliquid
665 3486 832 3587 praesertim
856 3513 922 3560 arte
936 3491 1077 3560 distante
1093 3495 1128 3561 dc
1153 3494 1290 3559 ratione.

570 3588 606 3651 ln
633 3591 794 3656 Hieremia
810 3585 959 3658 Tmsorn
983 3586 1071 3659 servo
1088 3590 1195 3657 multa
1211 3583 1407 3659 observanda
1425 3582 1581 3657 suerunt.
1608 3585 1751 3652 Primum
1776 3599 1845 3649 erat
1869 3581 1937 3649 len·

364 3667 485 3738 cmm
521 3678 703 3771 tiginosus,
726 3688 761 3751 δι
772 3679 889 3750 rufus.
916 3688 961 3750 Ea
982 3707 1114 3778 corpora
1132 3702 1213 3751 tetra
1233 3685 1376 3775 quadam
1392 3677 1454 3750 bile
1468 3678 1654 3750 abundant.
1683 3685 1724 3749 Er
1740 3683 1797 3774 qui
1814 3679 1934 3747 humor

361 3743 500 3893 &sm
519 3775 725 3942 germinatur,
750 3783 784 3847 δι
797 3772 951 3893 'morbum
963 3775 1063 3941 gach,
1088 3781 1141 3847 viic
1159 3777 1337 3847 coe’rionem
1353 3780 1510 3848 admittit.
1537 3781 1643 3848 Sedari
1669 3804 1733 3847 non
1760 3782 1865 3875 potuit
1890 3774 1934 3845 se-

358 3912 480 4070 {aa
520 3896 585 4043 110¹?
595 3873 1932 4068 ·,lilii‘jl‘iihlllhidi‘ildiifilllfflilaillidii

359 4088 409 4132 m
426 4074 481 4133 blla
519 4071 571 4141 die
585 4068 757 4163 dysenteria
774 4098 794 4141 a
809 4096 909 4168 prava
934 4066 1012 4141 bile.
1032 4075 1119 4143 'Non
1139 4073 1182 4143 eil
1197 4075 1367 4146 allevatus.
1398 4076 1541 4145 Maeruit
1565 4080 1715 4145 omnino.
1744 4077 1784 4143 Et
1801 4073 1927 4140 eandem

362 4155 461 4217 ψ’·
518 4171 553 4239 in
573 4178 704 4242 maciem
717 4172 874 4240 adductus
898 4171 939 4238 ad
956 4171 1038 4239 diem
1058 4195 1113 4257 24.
1132 4176 1265 4242 interiit.
1293 4175 1462 4243 Pulmones
1485 4170 1558 4244 sunt
1582 4174 1761 4271 deprehensi
1785 4189 1891 4269 putres
1917 4218 1927 4237 .

357 4238 432 4301 ω’
440 4283 450 4305 ·
516 4265 737 4337 intestinorum
756 4292 873 4364 corpus
896 4271 1045 4340 vitiatum
1070 4289 1154 4339 erat.

567 4360 697 4434 lmbalir
722 4374 814 4460 virgo
833 4368 992 4460 indgnirer
1011 4362 1218 4440 febricitavit.
1244 4371 1331 4441 Cum
1347 4368 1439 4441 foedis
1461 4367 1620 4443 coloribus
1644 4367 1784 4450 laboret,
1807 4371 1840 4437 in
1859 4372 1926 4457 ejus

515 4454 675 4557 sanguiris
700 4464 795 4535 malla
813 4468 901 4537 virus
914 4464 957 4535 cst
981 4468 1164 4562 quoddam.
1191 4471 1322 4561 Qareo
1340 4472 1391 4540 die
1416 4466 1531 4542 menses
1567 4490 1766 4571 erumpunt.
1801 4467 1926 4536 Omnia

513 4561 669 4631 deteriora
685 4566 783 4633 liunt.
809 4565 983 4635 Omittitur
1002 4560 1238 4664 phlebotomia.
1267 4571 1389 4639 Deinde
1412 4571 1528 4643 omiilae
1553 4574 1638 4641 illius
1662 4593 1720 4640 nos
1752 4568 1887 4667 poenitet
1913 4614 1923 4633 .

358 4728 363 4734 .
511 4657 656 4729 Tandem
674 4665 790 4755 quinto
807 4685 864 4734 aut
890 4659 974 4735 sexto
989 4667 1075 4736 dica
1115 4673 1197 4737 ritur
1216 4691 1312 4740 vena.
1339 4671 1466 4741 Profieir
1481 4670 1633 4739 detraetio
1651 4666 1833 4764 sarnguinh.
1861 4665 1927 4735 Sei·

358 4735 461 4805 ’'5⁶''
511 4777 701 4860 reoportet,
750 4764 814 4855 uod
833 4756 959 4833 srsebris
984 4790 1048 4834 non
1065 4690 1223 4857 fingitur
1239 4764 1476 4864 erumpentibus
1501 4764 1682 4849 mensibur,
1711 4792 1778 4838 non
1803 4761 1848 4836 est
1864 4758 1925 4832 dif-

350 4827 452 4960 fiz,
509 4852 635 4927 serenda
659 4869 696 4957 p‘
778 4857 933 4930 tomiased
951 4860 1057 4933 statim
1070 4886 1108 4932 ca
1123 4861 1207 4932 iada
1222 4866 1325 4933 danda
1350 4859 1425 4934 sunt
1440 4889 1623 4964 aporemara
1654 4870 1767 4939 cientia
1786 4853 1922 4934 menses.

345 4986 442 5057 panea,
558 4956 667 5033 liliola
683 4954 861 5062 Demiselh
879 4960 925 5034 du
944 4965 1015 5060 Buy
1038 4962 1208 5056 undecimo
1221 4958 1316 5058 febris
1339 4962 1390 5055 die
1404 4968 1539 5059 interiit,
1566 4969 1723 5065 Repertus
1739 4966 1824 5127 lapiy)
1835 4965 1930 5028 inre-

342 5076 433 5146 w!
1032 5080 1045 5135 'i
1767 5083 1801 5135 m
1825 5080 1878 5128 US·
