4534 5850
582 491 651 535 rto
826 455 1653 535 EPIDEMIARUM

529 615 634 680 dimus
658 606 735 708 saepe
759 611 861 678 muita
889 632 975 680 vena
1000 600 1133 674 sessione
1151 602 1297 698 fatigatos
1315 603 1403 675 foisse
1421 626 1537 699 aegros,
1562 607 1597 671 δι
1613 602 1660 671 nil
1685 619 1743 672 aut
1773 626 1890 700 parum
1908 613 1974 680 al-·

529 713 634 779 latum
649 709 705 778 esse
730 710 918 795 adjumenti.
944 709 994 776 Sic
1018 704 1171 773 corres'tio
1189 706 1273 773 illius
1290 724 1449 776 venenatae
1461 703 1622 797 qualitatis
1645 701 1657 786 ζ
1669 704 1725 769 nisi
1749 698 1833 772 sorte
1857 716 1963 779 mani-

529 806 609 878 festa
633 809 838 899 cacochymiae
861 831 937 875 cum
963 805 1107 903 plethora
1139 804 1319 893 adjumenta
1346 800 1486 891 suerint)
1519 805 1627 898 potius
1662 798 1707 868 est
1737 805 1958 897 providenda,

529 930 629 1004 quam
652 907 873 979 evacuandum
898 900 1085 982 liberaliter,
1111 920 1168 971 aut
1191 904 1230 971 de
1254 903 1403 971 alimento
1428 901 1675 970 detrahendum.
1710 902 1821 995 Atque
1847 911 1883 975 in
1918 932 1957 980 eo

529 1006 625 1078 multi
651 1026 798 1105 peccant.
825 1005 926 1092 Quod
951 1023 1058 1071 autem
1084 996 1216 1099 suspicio
1239 1001 1295 1070 esse
1319 997 1432 1071 debeat
1464 1018 1622 1070 venenatae
1664 1001 1711 1068 vis
1741 1004 1775 1068 in
1809 1002 1964 1079 omnibus

529 1102 591 1174 sere
617 1100 735 1173 morbis
760 1094 1026 1179 autumnalibus,
1051 1101 1083 1168 id
1108 1120 1196 1197 patet
1221 1102 1372 1169 maxime.
1402 1102 1493 1192 AEgri
1520 1095 1833 1180 sacile'emaciantur,
1856 1106 1963 1200 iique.

530 1198 621 1276 scunt
646 1227 682 1272 ac
707 1196 929 1278 extabescunt,
977 1225 1060 1270 uum
1085 1219 1190 1269 tamen
1214 1201 1383 1270 videantur
1409 1194 1455 1268 sat
1480 1191 1559 1267 belle
1591 1190 1726 1275 habere,
1761 1205 1796 1269 &
1830 1204 1963 1278 nullum

530 1321 587 1373 aut
611 1308 767 1395 exiguum
791 1225 989 1370 doloremle
1014 1294 1122 1368 sentire
1148 1296 1325 1369 firteantur.
1362 1292 1473 1367 Febres
1507 1297 1600 1366 lente
1635 1291 1725 1376 sunt,
1759 1309 1956 1382 continua,

531 1395 797 1499 symptomaticae.
823 1402 910 1471 Nam
937 1406 973 1468 in
996 1398 1126 1467 diathesr
1150 1397 1342 1478 consistunt,
1372 1403 1407 1468 δι
1440 1400 1622 1477 contumaci
1656 1398 1798 1493 quadam
1831 1395 1959 1473 obstru-

426 1535 428 1537 ·
532 1499 656 1579 stione,
681 1506 716 1569 &
740 1503 819 1572 vitio
845 1503 1008 1596 partium.
1035 1499 1206 1567 Declarant
1231 1499 1356 1568 dolores
1381 1500 1439 1591 qui
1463 1492 1656 1593 paroxysmis
1689 1503 1723 1566 &
1748 1496 1965 1572 exacerbatio--

530 1594 628 1667 nibus
653 1593 858 1668 redeuntibus
882 1594 1076 1668 sentiuntur.
1105 1600 1195 1667 Nam
1219 1592 1412 1691 quibusdam
1437 1601 1469 1664 in
1495 1595 1613 1664 sinistro
1631 1597 1874 1692 hypochondrio
1891 1604 1957 1674 ,do-

530 1697 579 1766 lor
605 1701 792 1796 percipitur,
817 1701 876 1789 qui
902 1699 977 1769 alias
1002 1691 1269 1765 circumscribitur
1293 1721 1331 1766 co
1355 1697 1444 1773 loco,
1476 1696 1549 1764 alias
1579 1696 1619 1763 ad
1657 1697 1824 1768 claviculas
1857 1695 1956 1795 usque

416 1797 421 1806 ‘
531 1797 752 1892 protenditur,
778 1796 927 1894 pleuritin
952 1800 1124 1876 mentiens,
1147 1815 1187 1865 ut
1211 1801 1243 1864 in
1268 1819 1365 1865 uxore
1391 1799 1434 1865 D.
1464 1787 1618 1863 Gabrielis
1642 1812 1715 1864 toto
1735 1816 1957 1897 autumnoap-

530 1902 658 1991 paruit.
687 1897 775 1966 Alias
800 1898 921 1965 circum
946 1899 1106 1987 regionem
1134 1895 1272 1991 hepatis,
1304 1915 1343 1963 ut
1378 1898 1411 1962 in
1450 1917 1487 1963 ta
1522 1897 1645 1988 virgine
1683 1901 1850 1992 apparuit,
1884 1923 1959 1993 qua:

530 1989 722 2063 manebate
755 1998 882 2086 regione
915 1994 1053 2064 Ecclesiae
1087 1989 1199 2063 sanstae
1232 1995 1360 2064 Crucis.
1394 1992 1481 2062 Alias
1521 1994 1561 2062 ad
1586 1987 1669 2061 suras
1701 2002 1735 2058 dc
1770 1991 1883 2073 tibias,
1918 2015 1957 2065 ut

531 2085 653 2161 satelliti
678 2088 842 2170 Mabirio,
866 2098 900 2162 &
926 2094 1048 2163 Praefidi
1073 2089 1253 2163 Doursea.
1282 2094 1370 2161 Alias
1393 2093 1434 2161 ad
1458 2115 1494 2161 os
1517 2089 1663 2161 stomachi
1687 2083 1738 2158 ssu
1764 2097 1957 2173 ventriculi,

416 2259 422 2273 ‚
531 2183 641 2259 sensim
661 2193 703 2260 ad
722 2216 758 2260 os
775 2190 867 2260 stmni
887 2191 1113 2288 perreptand03
1140 2195 1233 2260 ctiam
1257 2192 1319 2260 sine
1343 2187 1505 2260 manifesto
1521 2191 1638 2269 calore,
1661 2187 1959 2283 utBurgensrservo

497 2299 506 2318 ⁶
531 2290 654 2358 domini
673 2291 835 2360 Chalmcsr
849 2294 1000 2384 contigit:
1025 2291 1150 2360 Nullus
1168 2292 1291 2371 credat,
1316 2315 1390 2386 quae
1405 2291 1443 2359 sit
1460 2287 1562 2362 setura
1585 2284 1840 2385 symptomaton,
1866 2315 1957 2358 mor.

532 2381 590 2457 bos
606 2391 808 2459 autumnales
825 2393 1066 2469 comitantium,
1091 2409 1130 2460 ut
1149 2391 1266 2460 Medici
1282 2397 1363 2460 circa
1384 2415 1420 2460 ea
1435 2384 1570 2458 debeant
1595 2391 1703 2485 potius
1720 2386 1776 2456 esse
1802 2383 1955 2485 spedato-

528 2511 577 2557 res
596 2494 631 2558 &
649 2490 874 2567 admiratores,
901 2513 1001 2583 quam
1021 2488 1161 2559 ac‘torcs.
1189 2494 1229 2557 Et
1246 2491 1305 2556 nis
1320 2491 1510 2584 experientia
1534 2491 1567 2555 id
1594 2510 1645 2555 me
1680 2486 1828 2555 docuisset
1860 2512 1955 2556 num-

528 2610 628 2681 quam
647 2589 682 2652 id
699 2586 905 2653 credidissem.
932 2589 979 2652 Ac
1004 2587 1095 2677 quod
1110 2589 1288 2652 maximum
1311 2585 1374 2660 est,
1398 2577 1476 2679 saepe
1500 2587 1534 2650 in
1567 2581 1688 2652 morbis
1711 2590 1858 2656 autumni
1889 2611 1955 2657 me-

528 2686 674 2753 dentium
690 2683 818 2762 oleum,
843 2686 877 2750 &
894 2704 990 2779 opera
1009 2681 1171 2777 perditur.
1201 2684 1241 2749 Et
1257 2701 1294 2750 ut
1310 2685 1446 2776 ingenue
1462 2682 1586 2760 dicam,
1612 2683 1695 2751 idem
1724 2688 1887 2778 ingenium
1906 2692 1952 2757 'ri-

527 2783 645 2851 dentur
660 2775 776 2850 habere
796 2773 900 2848 morbi
926 2780 1146 2857 autumnales,
1171 2781 1262 2873 quod
1288 2786 1323 2852 &
1347 2787 1573 2852 carcinomata.
1609 2786 1658 2853 Ac
1687 2807 1754 2851 non
1779 2789 1898 2855 mirum
1930 2787 1951 2852 sr

528 2875 695 2972 aegrescant
715 2878 887 2950 medendo.
915 2883 993 2949 Haec
1011 2897 1162 2950 annotata
1177 2881 1286 2960 volui,
1311 2903 1348 2952 ut
1372 2887 1519 2952 certiores
1528 2878 1603 2952 fasti
1613 2884 1652 2953 de
1672 2905 1777 2963 more,
1802 2885 1955 2955 &indole

527 2977 662 3049 istorum
680 2974 866 3048 morborum
878 3019 889 3058 ,
918 2984 953 3050 δι
972 2986 1006 3048 in
1022 2980 1190 3059 dictetur,
1215 2985 1251 3051 &
1276 2984 1307 3049 in
1335 2982 1587 3078 pharmaceutice
1609 2984 1700 3051 aliter
1725 3007 1782 3051 nos
1805 3005 1957 3078 geramus

527 3102 627 3174 quam
642 3083 677 3149 in
694 3080 761 3149 aliis
782 3072 919 3148 morbis.
939 3082 989 3149 Ac
1004 3081 1066 3148 hoc
1083 3104 1195 3153 verum
1211 3079 1364 3159 assevero,
1389 3085 1421 3147 in
1442 3103 1557 3172 magna
1578 3084 1863 3173 quartanariorum
1884 3086 1956 3154 ilia-

526 3180 583 3248 de.
611 3184 646 3251 &
665 3175 768 3250 fetura
784 3204 869 3250 anno
889 3181 1023 3248 Domini
1047 3202 1149 3267 ¹57¹·
1167 3202 1204 3247 ex
1224 3180 1453 3271 quartanariis,
1478 3181 1534 3269 qui
1561 3182 1596 3245 δι
1630 3170 1883 3273 phlebotomiis,
1920 3189 1957 3253 δι

528 3280 763 3348 medicamentis
786 3282 890 3349 vexati
915 3271 1008 3356 sunt,
1032 3296 1141 3345 omnes
1164 3272 1226 3345 fere
1252 3276 1432 3372 perierunt.
1469 3279 1541 3368 Qi
1573 3277 1708 3345 incusati
1742 3271 1900 3356 suerunt,
1931 3285 1958 3350 ii

526 3374 590 3448 sere
613 3400 723 3448 omnes
747 3398 871 3448 nature
896 3382 940 3451 vi,
954 3378 996 3446 ad
1020 3371 1155 3445 mensem
1182 3378 1342 3446 Mardum
1367 3370 1477 3445 senfim
1500 3375 1748 3443 convaluerunt.
1775 3377 1862 3443 Vide
1875 3398 1955 3469 quae

526 3482 559 3546 in
575 3482 680 3576 primo
695 3473 780 3548 libro
799 3496 950 3549 annotata
964 3470 1057 3546 sunt.

541 3637 545 3642 .
577 3573 678 3646 Libro
702 3582 808 3671 primo
832 3575 1013 3737 nopsrorum
1038 3577 1281 3669 Epidemiorum
1310 3577 1535 3645 annotavimus
1565 3596 1602 3641 ex
1635 3572 1882 3669 Theophrasto,
1915 3580 1951 3645 &

486 3753 491 3765 ι
523 3675 670 3747 Galeno,
693 3696 769 3764 quae
793 3667 868 3763 sequ
903 3665 1019 3740 soleant
1044 3671 1246 3738 incommoda
1269 3693 1308 3739 ex
1331 3670 1487 3765 frequenti
1512 3665 1674 3765 sanguinis
1697 3695 1714 3741 e
1740 3668 1871 3742 brachio
1895 3674 1950 3743 dc·
1995 3728 1998 3734 .

383 3750 505 3855 ,ΜΨ
525 3768 698 3848 trafflone.
726 3769 827 3837 Nunc
852 3789 957 3835 unum
982 3787 1133 3837 annotare
1157 3787 1298 3865 oportet.
1326 3770 1427 3839 Multi
1452 3766 1529 3844 sunt
1567 3764 1663 3840 uibus
1691 3771 1859 3843 arthriticae
1886 3770 1952 3842 flu·
1996 3797 2012 3810 Ἀ

363 3832 506 3976 222⁰&
523 3871 631 3937 xiones
657 3860 751 3945 sunt,
775 3870 810 3938 δι
835 3885 963 3963 propter
987 3865 1132 3936 dolorem
1157 3861 1290 3937 subinde
1315 3861 1373 3937 sibi
1397 3869 1520 3940 detrahi
1542 3797 1727 3966 liarrgtrinem
1752 3876 1947 3970 patiuntur.

357 4000 497 4074 frequen·
525 3969 579 4036 ‘rin
604 3992 670 4036 non
696 3982 848 4067 peccant?
875 3971 923 4038 lta
950 3960 1038 4036 sane.
1066 3970 1157 4064 Quia
1181 3990 1296 4065 corpus
1320 3973 1355 4040 &
1380 3963 1568 4063 refrigescit,
1592 3976 1628 4041 &
1646 3991 1752 4053 Μ
1784 3964 1949 4041 debilitan-

361 4086 387 4137 n·
430 4098 504 4139 vena
524 4084 601 4144 tur,
626 4072 661 4137 δι
684 4070 776 4162 quod
801 4071 903 4155 majus
927 4064 993 4149 ess,
1016 4062 1149 4139 facultas
1173 4071 1321 4138 retentrix
1346 4072 1544 4140 infirmatur-t
1559 4074 1675 4179 Quoto
1693 4063 1806 4144 'ssu-bis
1827 4091 1948 4162 coque-

358 4161 502 4254 sfssionq·
524 4187 558 4250 re
579 4183 696 4234 natura
712 4168 858 4257 cogitur.
886 4166 974 4233 Nam
998 4166 1079 4233 dum
1106 4168 1284 4236 effunditur
1307 4165 1416 4236 cottus
1441 4163 1494 4250 san
1519 4173 1586 4250 uis,
1610 4168 1850 4241 aliumcoslum
1873 4167 1947 4239 vult

497 4258 681 4334 sufficere.
708 4265 780 4331 Hac
805 4254 1005 4330 imbecilliore
1021 4259 1124 4342 sada,
1150 4265 1230 4332 dum
1256 4263 1405 4334 humores
1428 4265 1468 4350 iu
1492 4290 1535 4354 ua
1560 4266 1710 4349 statione,
1739 4274 1774 4338 δι
1801 4268 1948 4365 presidiis

525 4386 591 4430 non
605 4355 698 4438 sunt,
722 4361 801 4430 dum
828 4357 947 4429 statarii
964 4382 1098 4453 quoque
1116 4386 1181 4429 non
1198 4380 1355 4456 reguntur
1369 4386 1389 4433 a
1402 4357 1542 4446 matula,
1566 4364 1686 4447 sacilim
1699 4373 1735 4440 in
1744 4388 1845 4465 partes
1871 4390 1945 4464 pro-

524 4454 698 4531 cumbunt.
728 4464 768 4530 Et
783 4461 846 4530 hoc
858 4460 1039 4528 notandum
1062 4457 1124 4528 est.
1461 4529 1466 4536 ,

576 4553 704 4631 Nobilis
718 4560 833 4631 mulier
851 4553 984 4660 putatse
998 4562 1031 4627 in
1045 4580 1153 4633 ventre
1170 4557 1302 4633 habete.
1328 4564 1458 4639 Novem
1469 4563 1586 4637 menses
1595 4586 1705 4640 veirter
1720 4586 1842 4642 tumet.
1857 4567 1946 4645 Con-

525 4676 635 4755 ceptus
659 4658 746 4751 srgna
762 4664 890 4730 omnia.
917 4661 981 4730 Lac
997 4662 1032 4729 in
1045 4665 1210 4733 mammis.
1238 4664 1344 4735 Dolor
1365 4688 1581 4736 mammarum
1606 4692 1768 4764 magnus.
1795 4664 1869 4736 Post
1886 4692 1946 4736 no-

320 4839 331 4856 l
413 4808 445 4873 3,
528 4781 608 4832 num
624 4751 760 4827 mensem
776 4754 904 4853 sanguis
916 4753 1037 4855 copiose
1054 4760 1172 4831 fluxit.
1198 4763 1382 4859 Nonplane
1400 4783 1509 4844 venter
1518 4766 1698 4849 detumuit,
1721 4782 1943 4838 menummae.

529 4859 687 4929 Putamus
701 4855 822 4927 molam
838 4854 912 4925 esse.
938 4858 1063 4927 Tamen
1082 4882 1119 4927 ea
1136 4863 1276 4929 narravit
1292 4854 1323 4927 s:
1339 4854 1453 4930 sensisse
1469 4865 1675 4955 agitationem
1694 4870 1727 4940 in
1745 4887 1855 4941 ventre
1879 4886 1946 4937 ma-

530 4964 669 5040 xlmam,
693 4980 731 5029 ac
746 4957 774 5028 si
784 4979 864 5055 puer
878 4954 969 5025 esset.
995 4949 1218 5054 Exspcslamus
1237 4952 1390 5059 quorsum
1407 4961 1535 5033 tandem
1561 4967 1738 5039 rumorhic
1758 4967 1897 5039 evadat.

1764 5064 1892 5132 Mirum
