<?xml version="1.0" encoding="UTF-8"?>
<!DOCTYPE html PUBLIC "-//W3C//DTD XHTML 1.0 Transitional//EN"
    "http://www.w3.org/TR/xhtml1/DTD/xhtml1-transitional.dtd">
<html xmlns="http://www.w3.org/1999/xhtml" xml:lang="en" lang="en">
 <head>
  <title>
</title>
<meta http-equiv="Content-Type" content="text/html;charset=utf-8" />
  <meta name='ocr-system' content='tesseract 3.04.00' />
  <meta name='ocr-capabilities' content='ocr_page ocr_carea ocr_par ocr_line ocrx_word'/>
</head>
<body>
  <div class='ocr_page' id='page_1' title='image "./operaomniamedic00thgoog_0196.png"; bbox 0 0 4534 5850; ppageno 0'>
   <div class='ocr_carea' id='block_1_1' title="bbox 583 466 1673 571">
    <p class='ocr_par' dir='ltr' id='par_1_1' title="bbox 583 466 1673 571">
     <span class='ocr_line' id='line_1_1' title="bbox 583 466 1673 571; baseline -0.013 -17"><span class='ocrx_word' id='word_1_1' title='bbox 583 489 653 571; x_wconf 83' lang='lat'>164</span> <span class='ocrx_word' id='word_1_2' title='bbox 832 466 1673 564; x_wconf 65' lang='lat' dir='ltr'>erraturonusr,</span> 
     </span>
    </p>
   </div>
   <div class='ocr_carea' id='block_1_2' title="bbox 359 611 1993 4754">
    <p class='ocr_par' dir='ltr' id='par_1_2' title="bbox 517 611 1953 714">
     <span class='ocr_line' id='line_1_2' title="bbox 517 611 1953 714; baseline -0.003 -20"><span class='ocrx_word' id='word_1_3' title='bbox 517 625 667 708; x_wconf 82' lang='lat' dir='ltr'>nitrosa,</span> <span class='ocrx_word' id='word_1_4' title='bbox 688 637 749 695; x_wconf 86' lang='lat' dir='ltr'>aut</span> <span class='ocrx_word' id='word_1_5' title='bbox 762 620 868 691; x_wconf 89' lang='lat' dir='ltr'>similis</span> <span class='ocrx_word' id='word_1_6' title='bbox 881 624 1018 714; x_wconf 79' lang='lat' dir='ltr'>gestetis,</span> <span class='ocrx_word' id='word_1_7' title='bbox 1033 621 1054 688; x_wconf 91' lang='lat' dir='ltr'>ii</span> <span class='ocrx_word' id='word_1_8' title='bbox 1070 618 1131 689; x_wconf 88' lang='lat' dir='ltr'>levi</span> <span class='ocrx_word' id='word_1_9' title='bbox 1145 616 1184 687; x_wconf 91' lang='lat' dir='ltr'>de</span> <span class='ocrx_word' id='word_1_10' title='bbox 1200 612 1293 688; x_wconf 73' lang='lat' dir='ltr'>cauli</span> <span class='ocrx_word' id='word_1_11' title='bbox 1301 612 1539 696; x_wconf 85' lang='lat' dir='ltr'>inhorrescunt,</span> <span class='ocrx_word' id='word_1_12' title='bbox 1564 621 1599 684; x_wconf 76' lang='lat' dir='ltr'>st</span> <span class='ocrx_word' id='word_1_13' title='bbox 1612 611 1792 686; x_wconf 74' lang='lat' dir='ltr'>febricitaiit</span> <span class='ocrx_word' id='word_1_14' title='bbox 1800 664 1812 699; x_wconf 87' lang='lat'>,</span> <span class='ocrx_word' id='word_1_15' title='bbox 1833 615 1953 694; x_wconf 66' lang='lat' dir='ltr'>auidi-¹</span> 
     </span>
    </p>

    <p class='ocr_par' dir='ltr' id='par_1_3' title="bbox 520 707 1954 811">
     <span class='ocr_line' id='line_1_3' title="bbox 520 707 1954 811; baseline -0.011 -13"><span class='ocrx_word' id='word_1_16' title='bbox 520 717 752 803; x_wconf 80' lang='lat' dir='ltr'>¹stillationibus</span> <span class='ocrx_word' id='word_1_17' title='bbox 766 716 839 790; x_wconf 86' lang='lat' dir='ltr'>sunt</span> <span class='ocrx_word' id='word_1_18' title='bbox 854 717 958 789; x_wconf 83' lang='lat' dir='ltr'>scrinis</span> <span class='ocrx_word' id='word_1_19' title='bbox 973 713 1123 786; x_wconf 91' lang='lat' dir='ltr'>obnoxii.</span> <span class='ocrx_word' id='word_1_20' title='bbox 1149 717 1293 796; x_wconf 84' lang='lat' dir='ltr'>Contra,</span> <span class='ocrx_word' id='word_1_21' title='bbox 1316 709 1435 811; x_wconf 89' lang='lat' dir='ltr'>quibus</span> <span class='ocrx_word' id='word_1_22' title='bbox 1451 717 1601 784; x_wconf 87' lang='lat' dir='ltr'>humores</span> <span class='ocrx_word' id='word_1_23' title='bbox 1627 707 1702 783; x_wconf 92' lang='lat' dir='ltr'>sunt</span> <span class='ocrx_word' id='word_1_24' title='bbox 1719 722 1824 808; x_wconf 83' lang='lat' dir='ltr'>magis</span> <span class='ocrx_word' id='word_1_25' title='bbox 1839 727 1954 794; x_wconf 70' lang='lat' dir='ltr'>morati</span> 
     </span>
    </p>

    <p class='ocr_par' dir='ltr' id='par_1_4' title="bbox 359 808 1958 1296">
     <span class='ocr_line' id='line_1_4' title="bbox 527 808 1954 912; baseline -0.007 -18"><span class='ocrx_word' id='word_1_26' title='bbox 527 818 744 902; x_wconf 62' lang='lat' dir='ltr'>&amp;mmsuem</span> <span class='ocrx_word' id='word_1_27' title='bbox 755 824 849 890; x_wconf 86' lang='lat' dir='ltr'>iinon</span> <span class='ocrx_word' id='word_1_28' title='bbox 860 836 926 889; x_wconf 93' lang='lat' dir='ltr'>tam</span> <span class='ocrx_word' id='word_1_29' title='bbox 940 815 1029 887; x_wconf 86' lang='lat' dir='ltr'>sacile</span> <span class='ocrx_word' id='word_1_30' title='bbox 1037 820 1070 884; x_wconf 91' lang='lat' dir='ltr'>in</span> <span class='ocrx_word' id='word_1_31' title='bbox 1077 808 1208 885; x_wconf 84' lang='lat' dir='ltr'>morbos</span> <span class='ocrx_word' id='word_1_32' title='bbox 1216 816 1381 894; x_wconf 88' lang='lat' dir='ltr'>incidunt,</span> <span class='ocrx_word' id='word_1_33' title='bbox 1390 816 1446 883; x_wconf 77' lang='lat' dir='ltr'>nisi</span> <span class='ocrx_word' id='word_1_34' title='bbox 1455 815 1635 910; x_wconf 87' lang='lat' dir='ltr'>gravitetin</span> <span class='ocrx_word' id='word_1_35' title='bbox 1643 811 1732 887; x_wconf 71' lang='lat' dir='ltr'>vitiu</span> <span class='ocrx_word' id='word_1_36' title='bbox 1739 815 1954 912; x_wconf 76' lang='lat' dir='ltr'>deliquerint.</span> 
     </span>
     <span class='ocr_line' id='line_1_5' title="bbox 370 909 1956 1026; baseline -0.004 -29"><span class='ocrx_word' id='word_1_37' title='bbox 370 953 489 1026; x_wconf 56' lang='lat' dir='ltr'>mm</span> <span class='ocrx_word' id='word_1_38' title='bbox 578 924 720 997; x_wconf 90' lang='lat' dir='ltr'>Cuidam</span> <span class='ocrx_word' id='word_1_39' title='bbox 737 921 904 993; x_wconf 88' lang='lat' dir='ltr'>vulnerato</span> <span class='ocrx_word' id='word_1_40' title='bbox 920 916 961 985; x_wconf 89' lang='lat' dir='ltr'>ad</span> <span class='ocrx_word' id='word_1_41' title='bbox 986 916 1102 984; x_wconf 89' lang='lat' dir='ltr'>nothas</span> <span class='ocrx_word' id='word_1_42' title='bbox 1126 913 1222 983; x_wconf 85' lang='lat' dir='ltr'>collas</span> <span class='ocrx_word' id='word_1_43' title='bbox 1255 909 1340 1011; x_wconf 85' lang='lat' dir='ltr'>splen</span> <span class='ocrx_word' id='word_1_44' title='bbox 1363 910 1438 983; x_wconf 86' lang='lat' dir='ltr'>son&#39;s</span> <span class='ocrx_word' id='word_1_45' title='bbox 1461 916 1640 1011; x_wconf 89' lang='lat' dir='ltr'>apparuit.</span> <span class='ocrx_word' id='word_1_46' title='bbox 1672 910 1850 1008; x_wconf 86' lang='lat' dir='ltr'>ignorabat</span> <span class='ocrx_word' id='word_1_47' title='bbox 1883 938 1956 991; x_wconf 88' lang='lat' dir='ltr'>ton·</span> 
     </span>
     <span class='ocr_line' id='line_1_6' title="bbox 359 1011 1958 1124; baseline -0.006 -25"><span class='ocrx_word' id='word_1_48' title='bbox 359 1030 474 1124; x_wconf 65' lang='lat' dir='ltr'>sptenis</span> <span class='ocrx_word' id='word_1_49' title='bbox 528 1019 580 1094; x_wconf 91' lang='lat' dir='ltr'>sot</span> <span class='ocrx_word' id='word_1_50' title='bbox 604 1019 627 1091; x_wconf 95' lang='lat' dir='ltr'>s</span> <span class='ocrx_word' id='word_1_51' title='bbox 641 1023 740 1091; x_wconf 88' lang='lat' dir='ltr'>lenem</span> <span class='ocrx_word' id='word_1_52' title='bbox 758 1018 830 1088; x_wconf 87' lang='lat' dir='ltr'>esse.</span> <span class='ocrx_word' id='word_1_53' title='bbox 857 1018 1019 1086; x_wconf 88' lang='lat' dir='ltr'>Intumuit</span> <span class='ocrx_word' id='word_1_54' title='bbox 1037 1014 1148 1092; x_wconf 82' lang='lat' dir='ltr'>valde,</span> <span class='ocrx_word' id='word_1_55' title='bbox 1172 1018 1207 1083; x_wconf 77' lang='grc' dir='ltr'>δι</span> <span class='ocrx_word' id='word_1_56' title='bbox 1233 1016 1351 1085; x_wconf 89' lang='lat' dir='ltr'>vitium</span> <span class='ocrx_word' id='word_1_57' title='bbox 1370 1017 1540 1082; x_wconf 83' lang='lat' dir='ltr'>contraxit.</span> <span class='ocrx_word' id='word_1_58' title='bbox 1567 1011 1659 1083; x_wconf 79' lang='lat' dir='ltr'>Alter</span> <span class='ocrx_word' id='word_1_59' title='bbox 1683 1018 1771 1086; x_wconf 89' lang='lat' dir='ltr'>venit</span> <span class='ocrx_word' id='word_1_60' title='bbox 1790 1018 1958 1101; x_wconf 82' lang='lat' dir='ltr'>audacior,</span> 
     </span>
     <span class='ocr_line' id='line_1_7' title="bbox 369 1049 1955 1219; baseline -0.001 -28"><span class='ocrx_word' id='word_1_61' title='bbox 369 1146 423 1186; x_wconf 75' lang='lat' dir='ltr'>non</span> <span class='ocrx_word' id='word_1_62' title='bbox 448 1124 489 1184; x_wconf 79' lang='lat' dir='ltr'>te·</span> <span class='ocrx_word' id='word_1_63' title='bbox 530 1127 588 1219; x_wconf 89' lang='lat' dir='ltr'>qui</span> <span class='ocrx_word' id='word_1_64' title='bbox 604 1049 700 1191; x_wconf 55' lang='lat' dir='ltr'>sciuit</span> <span class='ocrx_word' id='word_1_65' title='bbox 715 1121 803 1214; x_wconf 88' lang='lat' dir='ltr'>prius</span> <span class='ocrx_word' id='word_1_66' title='bbox 827 1111 982 1217; x_wconf 82' lang='lat' dir='ltr'>superiore</span> <span class='ocrx_word' id='word_1_67' title='bbox 998 1133 1089 1214; x_wconf 86' lang='lat' dir='ltr'>parte</span> <span class='ocrx_word' id='word_1_68' title='bbox 1106 1115 1263 1208; x_wconf 83' lang='lat' dir='ltr'>ligatum.</span> <span class='ocrx_word' id='word_1_69' title='bbox 1288 1113 1465 1188; x_wconf 85' lang='lat' dir='ltr'>Convaluit</span> <span class='ocrx_word' id='word_1_70' title='bbox 1484 1134 1586 1205; x_wconf 80' lang='lat' dir='ltr'>ager.</span> <span class='ocrx_word' id='word_1_71' title='bbox 1613 1109 1668 1183; x_wconf 83' lang='lat' dir='ltr'>Est</span> <span class='ocrx_word' id='word_1_72' title='bbox 1688 1134 1729 1183; x_wconf 90' lang='lat' dir='ltr'>nc</span> <span class='ocrx_word' id='word_1_73' title='bbox 1752 1117 1853 1209; x_wconf 86' lang='lat' dir='ltr'>igitur</span> <span class='ocrx_word' id='word_1_74' title='bbox 1868 1113 1955 1215; x_wconf 82' lang='lat' dir='ltr'>splen</span> 
     </span>
     <span class='ocr_line' id='line_1_8' title="bbox 368 1206 812 1296; baseline -0.02 0"><span class='ocrx_word' id='word_1_75' title='bbox 368 1206 476 1270; x_wconf 61' lang='grc' dir='ltr'>Μ’·</span> <span class='ocrx_word' id='word_1_76' title='bbox 531 1241 598 1296; x_wconf 87' lang='lat' dir='ltr'>tam</span> <span class='ocrx_word' id='word_1_77' title='bbox 613 1217 812 1290; x_wconf 72' lang='lat' dir='ltr'>necciiariust</span> 
     </span>
    </p>

    <p class='ocr_par' dir='ltr' id='par_1_5' title="bbox 579 1307 1956 1413">
     <span class='ocr_line' id='line_1_9' title="bbox 579 1307 1956 1413; baseline -0.004 -23"><span class='ocrx_word' id='word_1_78' title='bbox 579 1321 742 1390; x_wconf 84' lang='lat' dir='ltr'>Dominus</span> <span class='ocrx_word' id='word_1_79' title='bbox 765 1317 805 1386; x_wconf 88' lang='lat' dir='ltr'>dc</span> <span class='ocrx_word' id='word_1_80' title='bbox 824 1310 1028 1385; x_wconf 86' lang='lat' dir='ltr'>Vilieneusue</span> <span class='ocrx_word' id='word_1_81' title='bbox 1042 1321 1078 1384; x_wconf 90' lang='lat' dir='ltr'>in</span> <span class='ocrx_word' id='word_1_82' title='bbox 1094 1335 1133 1384; x_wconf 83' lang='lat' dir='ltr'>ex</span> <span class='ocrx_word' id='word_1_83' title='bbox 1196 1314 1292 1383; x_wconf 89' lang='lat' dir='ltr'>itione</span> <span class='ocrx_word' id='word_1_84' title='bbox 1308 1330 1417 1382; x_wconf 90' lang='lat' dir='ltr'>eontra</span> <span class='ocrx_word' id='word_1_85' title='bbox 1434 1311 1584 1383; x_wconf 80' lang='lat' dir='ltr'>Flandros</span> <span class='ocrx_word' id='word_1_86' title='bbox 1609 1307 1781 1392; x_wconf 84' lang='lat' dir='ltr'>instituta,</span> <span class='ocrx_word' id='word_1_87' title='bbox 1815 1317 1956 1413; x_wconf 83' lang='lat' dir='ltr'>catapul-</span> 
     </span>
    </p>

    <p class='ocr_par' dir='ltr' id='par_1_6' title="bbox 367 1409 1962 2693">
     <span class='ocr_line' id='line_1_10' title="bbox 525 1409 1956 1511; baseline -0.004 -19"><span class='ocrx_word' id='word_1_88' title='bbox 525 1436 570 1494; x_wconf 83' lang='lat' dir='ltr'>tae</span> <span class='ocrx_word' id='word_1_89' title='bbox 590 1418 755 1489; x_wconf 70' lang='lat' dir='ltr'>istucirca</span> <span class='ocrx_word' id='word_1_90' title='bbox 771 1433 896 1511; x_wconf 85' lang='lat' dir='ltr'>tempus</span> <span class='ocrx_word' id='word_1_91' title='bbox 921 1417 1068 1484; x_wconf 82' lang='lat' dir='ltr'>dextmm</span> <span class='ocrx_word' id='word_1_92' title='bbox 1090 1414 1128 1483; x_wconf 78' lang='lat' dir='ltr'>la</span> <span class='ocrx_word' id='word_1_93' title='bbox 1142 1435 1179 1481; x_wconf 88' lang='lat' dir='ltr'>us</span> <span class='ocrx_word' id='word_1_94' title='bbox 1203 1409 1246 1482; x_wconf 87' lang='lat' dir='ltr'>est</span> <span class='ocrx_word' id='word_1_95' title='bbox 1262 1413 1439 1504; x_wconf 84' lang='lat' dir='ltr'>insigniter.</span> <span class='ocrx_word' id='word_1_96' title='bbox 1465 1411 1644 1484; x_wconf 72' lang='lat' dir='ltr'>Effradium</span> <span class='ocrx_word' id='word_1_97' title='bbox 1669 1435 1706 1481; x_wconf 92' lang='lat' dir='ltr'>os</span> <span class='ocrx_word' id='word_1_98' title='bbox 1731 1417 1849 1509; x_wconf 89' lang='lat' dir='ltr'>partim</span> <span class='ocrx_word' id='word_1_99' title='bbox 1876 1434 1956 1486; x_wconf 78' lang='lat' dir='ltr'>tcm-</span> 
     </span>
     <span class='ocr_line' id='line_1_11' title="bbox 383 1510 1956 1617; baseline -0.003 -32"><span class='ocrx_word' id='word_1_100' title='bbox 383 1552 385 1557; x_wconf 96' lang='lat'>·</span> <span class='ocrx_word' id='word_1_101' title='bbox 528 1522 615 1617; x_wconf 90' lang='lat' dir='ltr'>poris</span> <span class='ocrx_word' id='word_1_102' title='bbox 638 1518 769 1592; x_wconf 86' lang='lat' dir='ltr'>dextri,</span> <span class='ocrx_word' id='word_1_103' title='bbox 803 1517 920 1611; x_wconf 87' lang='lat' dir='ltr'>partim</span> <span class='ocrx_word' id='word_1_104' title='bbox 945 1510 1084 1583; x_wconf 85' lang='lat' dir='ltr'>frontis.</span> <span class='ocrx_word' id='word_1_105' title='bbox 1117 1511 1279 1582; x_wconf 85' lang='lat' dir='ltr'>Occailuit</span> <span class='ocrx_word' id='word_1_106' title='bbox 1297 1511 1426 1580; x_wconf 86' lang='lat' dir='ltr'>tandem</span> <span class='ocrx_word' id='word_1_107' title='bbox 1448 1534 1521 1609; x_wconf 90' lang='lat' dir='ltr'>pars</span> <span class='ocrx_word' id='word_1_108' title='bbox 1556 1512 1656 1603; x_wconf 90' lang='lat' dir='ltr'>longo</span> <span class='ocrx_word' id='word_1_109' title='bbox 1691 1511 1762 1608; x_wconf 88' lang='lat' dir='ltr'>post</span> <span class='ocrx_word' id='word_1_110' title='bbox 1779 1531 1956 1610; x_wconf 89' lang='lat' dir='ltr'>tempore.</span> 
     </span>
     <span class='ocr_line' id='line_1_12' title="bbox 528 1606 1957 1711; baseline -0.003 -27"><span class='ocrx_word' id='word_1_111' title='bbox 528 1619 648 1711; x_wconf 80' lang='lat' dir='ltr'>Qum</span> <span class='ocrx_word' id='word_1_112' title='bbox 664 1615 848 1684; x_wconf 80' lang='lat' dir='ltr'>londinum</span> <span class='ocrx_word' id='word_1_113' title='bbox 862 1613 989 1685; x_wconf 87' lang='lat' dir='ltr'>venilict</span> <span class='ocrx_word' id='word_1_114' title='bbox 1007 1659 1018 1690; x_wconf 88' lang='lat'>,</span> <span class='ocrx_word' id='word_1_115' title='bbox 1042 1606 1171 1708; x_wconf 78' lang='lat' dir='ltr'>speciem</span> <span class='ocrx_word' id='word_1_116' title='bbox 1199 1611 1375 1704; x_wconf 90' lang='lat' dir='ltr'>quamdam</span> <span class='ocrx_word' id='word_1_117' title='bbox 1401 1606 1541 1708; x_wconf 90' lang='lat' dir='ltr'>pareseos</span> <span class='ocrx_word' id='word_1_118' title='bbox 1564 1615 1599 1679; x_wconf 92' lang='lat' dir='ltr'>in</span> <span class='ocrx_word' id='word_1_119' title='bbox 1615 1630 1704 1706; x_wconf 89' lang='lat' dir='ltr'>parte</span> <span class='ocrx_word' id='word_1_120' title='bbox 1739 1611 1847 1680; x_wconf 76' lang='lat' dir='ltr'>cadon</span> <span class='ocrx_word' id='word_1_121' title='bbox 1870 1659 1883 1692; x_wconf 89' lang='lat'>,</span> <span class='ocrx_word' id='word_1_122' title='bbox 1906 1615 1957 1680; x_wconf 88' lang='lat' dir='ltr'>ni-</span> 
     </span>
     <span class='ocr_line' id='line_1_13' title="bbox 528 1705 1957 1809; baseline -0.001 -26"><span class='ocrx_word' id='word_1_123' title='bbox 528 1718 651 1784; x_wconf 86' lang='lat' dir='ltr'>mirum</span> <span class='ocrx_word' id='word_1_124' title='bbox 671 1719 706 1780; x_wconf 91' lang='lat' dir='ltr'>in</span> <span class='ocrx_word' id='word_1_125' title='bbox 727 1707 856 1780; x_wconf 85' lang='lat' dir='ltr'>brachio</span> <span class='ocrx_word' id='word_1_126' title='bbox 871 1718 938 1809; x_wconf 84' lang='lat' dir='ltr'>pati</span> <span class='ocrx_word' id='word_1_127' title='bbox 963 1705 1045 1783; x_wconf 85' lang='lat' dir='ltr'>visus</span> <span class='ocrx_word' id='word_1_128' title='bbox 1069 1710 1130 1779; x_wconf 90' lang='lat' dir='ltr'>est.</span> <span class='ocrx_word' id='word_1_129' title='bbox 1156 1711 1300 1779; x_wconf 87' lang='lat' dir='ltr'>Tandem</span> <span class='ocrx_word' id='word_1_130' title='bbox 1327 1714 1413 1780; x_wconf 89' lang='lat' dir='ltr'>venit</span> <span class='ocrx_word' id='word_1_131' title='bbox 1429 1711 1619 1780; x_wconf 79' lang='lat' dir='ltr'>Lutetiam.</span> <span class='ocrx_word' id='word_1_132' title='bbox 1654 1710 1862 1804; x_wconf 82' lang='lat' dir='ltr'>Sexagesimus</span> <span class='ocrx_word' id='word_1_133' title='bbox 1898 1729 1957 1781; x_wconf 89' lang='lat' dir='ltr'>aut</span> 
     </span>
     <span class='ocr_line' id='line_1_14' title="bbox 532 1802 1957 1908; baseline -0.003 -28"><span class='ocrx_word' id='word_1_134' title='bbox 532 1807 777 1908; x_wconf 83' lang='lat' dir='ltr'>septuagesimus</span> <span class='ocrx_word' id='word_1_135' title='bbox 805 1811 870 1878; x_wconf 87' lang='lat' dir='ltr'>dies</span> <span class='ocrx_word' id='word_1_136' title='bbox 893 1809 1023 1880; x_wconf 72' lang='lat' dir='ltr'>eradius</span> <span class='ocrx_word' id='word_1_137' title='bbox 1047 1827 1145 1888; x_wconf 86' lang='lat' dir='ltr'>erat,</span> <span class='ocrx_word' id='word_1_138' title='bbox 1168 1827 1207 1877; x_wconf 89' lang='lat' dir='ltr'>ut</span> <span class='ocrx_word' id='word_1_139' title='bbox 1232 1809 1323 1907; x_wconf 87' lang='lat' dir='ltr'>plane</span> <span class='ocrx_word' id='word_1_140' title='bbox 1348 1806 1510 1880; x_wconf 88' lang='lat' dir='ltr'>restitutus</span> <span class='ocrx_word' id='word_1_141' title='bbox 1533 1817 1569 1882; x_wconf 79' lang='lat' dir='ltr'>dt</span> <span class='ocrx_word' id='word_1_142' title='bbox 1602 1802 1730 1879; x_wconf 82' lang='lat' dir='ltr'>securus</span> <span class='ocrx_word' id='word_1_143' title='bbox 1764 1811 1957 1882; x_wconf 88' lang='lat' dir='ltr'>videretur.</span> 
     </span>
     <span class='ocr_line' id='line_1_15' title="bbox 370 1897 1959 2005; baseline -0.002 -24"><span class='ocrx_word' id='word_1_144' title='bbox 370 1897 485 1981; x_wconf 59' lang='lat' dir='ltr'>‘eiiii&#39;</span> <span class='ocrx_word' id='word_1_145' title='bbox 529 1913 647 2005; x_wconf 82' lang='lat' dir='ltr'>Qum</span> <span class='ocrx_word' id='word_1_146' title='bbox 664 1915 741 1980; x_wconf 88' lang='lat' dir='ltr'>vino</span> <span class='ocrx_word' id='word_1_147' title='bbox 759 1911 929 2001; x_wconf 84' lang='lat' dir='ltr'>venerique</span> <span class='ocrx_word' id='word_1_148' title='bbox 948 1907 1094 2005; x_wconf 88' lang='lat' dir='ltr'>paullum</span> <span class='ocrx_word' id='word_1_149' title='bbox 1110 1908 1275 1998; x_wconf 89' lang='lat' dir='ltr'>indulgere</span> <span class='ocrx_word' id='word_1_150' title='bbox 1299 1907 1413 1986; x_wconf 88' lang='lat' dir='ltr'>vellet,</span> <span class='ocrx_word' id='word_1_151' title='bbox 1437 1910 1534 1978; x_wconf 89' lang='lat' dir='ltr'>dolor</span> <span class='ocrx_word' id='word_1_152' title='bbox 1555 1914 1711 1981; x_wconf 85' lang='lat' dir='ltr'>inveteris</span> <span class='ocrx_word' id='word_1_153' title='bbox 1734 1908 1872 1981; x_wconf 84' lang='lat' dir='ltr'>vulneris</span> <span class='ocrx_word' id='word_1_154' title='bbox 1890 1910 1959 1978; x_wconf 81' lang='lat' dir='ltr'>loca</span> 
     </span>
     <span class='ocr_line' id='line_1_16' title="bbox 368 1988 1959 2098; baseline 0.001 -24"><span class='ocrx_word' id='word_1_155' title='bbox 368 1988 496 2086; x_wconf 43' lang='lat' dir='ltr'>‘&#39;flu&#39;‘</span> <span class='ocrx_word' id='word_1_156' title='bbox 531 2002 668 2077; x_wconf 89' lang='lat' dir='ltr'>obortus</span> <span class='ocrx_word' id='word_1_157' title='bbox 692 2007 754 2076; x_wconf 88' lang='lat' dir='ltr'>est.</span> <span class='ocrx_word' id='word_1_158' title='bbox 781 2001 999 2077; x_wconf 84' lang='lat' dir='ltr'>intollerabilis</span> <span class='ocrx_word' id='word_1_159' title='bbox 1023 2024 1108 2074; x_wconf 87' lang='lat' dir='ltr'>erat.</span> <span class='ocrx_word' id='word_1_160' title='bbox 1135 2009 1283 2098; x_wconf 87' lang='lat' dir='ltr'>inquies,</span> <span class='ocrx_word' id='word_1_161' title='bbox 1308 2007 1454 2098; x_wconf 80' lang='lat' dir='ltr'>vigilia,</span> <span class='ocrx_word' id='word_1_162' title='bbox 1481 2007 1574 2075; x_wconf 92' lang='lat' dir='ltr'>dolor</span> <span class='ocrx_word' id='word_1_163' title='bbox 1597 2007 1780 2085; x_wconf 87' lang='lat' dir='ltr'>lanciuans,</span> <span class='ocrx_word' id='word_1_164' title='bbox 1805 2008 1888 2077; x_wconf 77' lang='lat' dir='ltr'>levia</span> <span class='ocrx_word' id='word_1_165' title='bbox 1905 2008 1959 2076; x_wconf 91' lang='lat' dir='ltr'>dc-</span> 
     </span>
     <span class='ocr_line' id='line_1_17' title="bbox 368 2070 1960 2213; baseline -0.003 -37"><span class='ocrx_word' id='word_1_166' title='bbox 368 2070 512 2213; x_wconf 42' lang='grc' dir='ltr'>εἴτις</span> <span class='ocrx_word' id='word_1_167' title='bbox 533 2108 604 2176; x_wconf 92' lang='lat' dir='ltr'>liria</span> <span class='ocrx_word' id='word_1_168' title='bbox 621 2110 705 2175; x_wconf 87' lang='lat' dir='ltr'>intra</span> <span class='ocrx_word' id='word_1_169' title='bbox 731 2099 829 2174; x_wconf 91' lang='lat' dir='ltr'>verba</span> <span class='ocrx_word' id='word_1_170' title='bbox 848 2100 974 2174; x_wconf 91' lang='lat' dir='ltr'>solum.</span> <span class='ocrx_word' id='word_1_171' title='bbox 1002 2098 1106 2173; x_wconf 84' lang='lat' dir='ltr'>Febris</span> <span class='ocrx_word' id='word_1_172' title='bbox 1130 2102 1273 2175; x_wconf 88' lang='lat' dir='ltr'>assidua.</span> <span class='ocrx_word' id='word_1_173' title='bbox 1301 2100 1464 2176; x_wconf 84' lang='lat' dir='ltr'>Omnibus</span> <span class='ocrx_word' id='word_1_174' title='bbox 1488 2100 1650 2204; x_wconf 83' lang='lat' dir='ltr'>provisum</span> <span class='ocrx_word' id='word_1_175' title='bbox 1674 2106 1849 2171; x_wconf 78' lang='lat' dir='ltr'>remediis.</span> <span class='ocrx_word' id='word_1_176' title='bbox 1891 2110 1960 2175; x_wconf 67' lang='lat' dir='ltr'>Da»</span> 
     </span>
     <span class='ocr_line' id='line_1_18' title="bbox 370 2196 1962 2306; baseline -0.004 -30"><span class='ocrx_word' id='word_1_177' title='bbox 370 2235 461 2306; x_wconf 48' lang='grc' dir='ltr'>μευ.</span> <span class='ocrx_word' id='word_1_178' title='bbox 532 2231 601 2278; x_wconf 89' lang='lat' dir='ltr'>nuo</span> <span class='ocrx_word' id='word_1_179' title='bbox 616 2223 725 2302; x_wconf 92' lang='lat' dir='ltr'>aperta</span> <span class='ocrx_word' id='word_1_180' title='bbox 741 2206 885 2272; x_wconf 83' lang='lat' dir='ltr'>cicatrix.</span> <span class='ocrx_word' id='word_1_181' title='bbox 912 2204 971 2273; x_wconf 91' lang='lat' dir='ltr'>Nil</span> <span class='ocrx_word' id='word_1_182' title='bbox 996 2199 1198 2298; x_wconf 71' lang='lat' dir='ltr'>prosodiam.</span> <span class='ocrx_word' id='word_1_183' title='bbox 1224 2204 1329 2274; x_wconf 92' lang='lat' dir='ltr'>Dolor</span> <span class='ocrx_word' id='word_1_184' title='bbox 1354 2230 1429 2275; x_wconf 89' lang='lat' dir='ltr'>mox</span> <span class='ocrx_word' id='word_1_185' title='bbox 1449 2209 1482 2275; x_wconf 88' lang='lat' dir='ltr'>in</span> <span class='ocrx_word' id='word_1_186' title='bbox 1508 2224 1594 2302; x_wconf 86' lang='lat' dir='ltr'>parte</span> <span class='ocrx_word' id='word_1_187' title='bbox 1617 2205 1751 2295; x_wconf 88' lang='lat' dir='ltr'>antiqua</span> <span class='ocrx_word' id='word_1_188' title='bbox 1772 2196 1921 2276; x_wconf 75' lang='lat' dir='ltr'>satiebat</span> <span class='ocrx_word' id='word_1_189' title='bbox 1948 2251 1962 2278; x_wconf 85' lang='lat'>,</span> 
     </span>
     <span class='ocr_line' id='line_1_19' title="bbox 367 2294 1961 2398; baseline -0.005 -24"><span class='ocrx_word' id='word_1_190' title='bbox 367 2323 483 2392; x_wconf 70' lang='lat' dir='ltr'>ganda.</span> <span class='ocrx_word' id='word_1_191' title='bbox 531 2330 608 2374; x_wconf 87' lang='lat' dir='ltr'>mox</span> <span class='ocrx_word' id='word_1_192' title='bbox 625 2310 661 2371; x_wconf 92' lang='lat' dir='ltr'>in</span> <span class='ocrx_word' id='word_1_193' title='bbox 674 2303 806 2371; x_wconf 90' lang='lat' dir='ltr'>aiteram</span> <span class='ocrx_word' id='word_1_194' title='bbox 817 2321 961 2398; x_wconf 88' lang='lat' dir='ltr'>partem,</span> <span class='ocrx_word' id='word_1_195' title='bbox 985 2303 1073 2372; x_wconf 87' lang='lat' dir='ltr'>velut</span> <span class='ocrx_word' id='word_1_196' title='bbox 1091 2297 1282 2372; x_wconf 88' lang='lat' dir='ltr'>desultorius</span> <span class='ocrx_word' id='word_1_197' title='bbox 1298 2351 1310 2383; x_wconf 88' lang='lat'>,</span> <span class='ocrx_word' id='word_1_198' title='bbox 1336 2301 1485 2374; x_wconf 88' lang='lat' dir='ltr'>redibat.</span> <span class='ocrx_word' id='word_1_199' title='bbox 1502 2294 1692 2374; x_wconf 88' lang='lat' dir='ltr'>Comatosus</span> <span class='ocrx_word' id='word_1_200' title='bbox 1701 2298 1820 2368; x_wconf 67' lang='lat' dir='ltr'>fastus.</span> <span class='ocrx_word' id='word_1_201' title='bbox 1848 2302 1961 2367; x_wconf 84' lang='lat' dir='ltr'>Mors.</span> 
     </span>
     <span class='ocr_line' id='line_1_20' title="bbox 534 2394 1961 2500; baseline -0.006 -27"><span class='ocrx_word' id='word_1_202' title='bbox 534 2404 565 2473; x_wconf 80' lang='lat' dir='ltr'>A</span> <span class='ocrx_word' id='word_1_203' title='bbox 609 2420 660 2469; x_wconf 91' lang='lat' dir='ltr'>rto</span> <span class='ocrx_word' id='word_1_204' title='bbox 678 2403 804 2478; x_wconf 90' lang='lat' dir='ltr'>crani0‚</span> <span class='ocrx_word' id='word_1_205' title='bbox 828 2394 930 2468; x_wconf 87' lang='lat' dir='ltr'>nescio</span> <span class='ocrx_word' id='word_1_206' title='bbox 946 2423 1021 2492; x_wconf 87' lang='lat' dir='ltr'>quae</span> <span class='ocrx_word' id='word_1_207' title='bbox 1039 2394 1155 2479; x_wconf 81' lang='lat' dir='ltr'>smies,</span> <span class='ocrx_word' id='word_1_208' title='bbox 1180 2396 1230 2470; x_wconf 68' lang='lat' dir='ltr'>std</span> <span class='ocrx_word' id='word_1_209' title='bbox 1254 2406 1385 2495; x_wconf 87' lang='lat' dir='ltr'>exigua,</span> <span class='ocrx_word' id='word_1_210' title='bbox 1409 2413 1442 2471; x_wconf 90' lang='lat' dir='ltr'>in</span> <span class='ocrx_word' id='word_1_211' title='bbox 1461 2407 1600 2500; x_wconf 87' lang='lat' dir='ltr'>partein</span> <span class='ocrx_word' id='word_1_212' title='bbox 1620 2423 1686 2495; x_wconf 90' lang='lat' dir='ltr'>qua</span> <span class='ocrx_word' id='word_1_213' title='bbox 1708 2399 1801 2467; x_wconf 92' lang='lat' dir='ltr'>dolor</span> <span class='ocrx_word' id='word_1_214' title='bbox 1823 2399 1961 2469; x_wconf 87' lang='lat' dir='ltr'>fixusvi-</span> 
     </span>
     <span class='ocr_line' id='line_1_21' title="bbox 530 2493 1959 2596; baseline -0.003 -26"><span class='ocrx_word' id='word_1_215' title='bbox 530 2501 570 2570; x_wconf 88' lang='lat' dir='ltr'>de</span> <span class='ocrx_word' id='word_1_216' title='bbox 595 2519 687 2578; x_wconf 90' lang='lat' dir='ltr'>atur,</span> <span class='ocrx_word' id='word_1_217' title='bbox 711 2505 881 2595; x_wconf 87' lang='lat' dir='ltr'>apparuit.</span> <span class='ocrx_word' id='word_1_218' title='bbox 907 2499 968 2570; x_wconf 84' lang='lat' dir='ltr'>Sed</span> <span class='ocrx_word' id='word_1_219' title='bbox 984 2502 1017 2566; x_wconf 91' lang='lat' dir='ltr'>in</span> <span class='ocrx_word' id='word_1_220' title='bbox 1037 2493 1155 2568; x_wconf 89' lang='lat' dir='ltr'>cerebri</span> <span class='ocrx_word' id='word_1_221' title='bbox 1180 2495 1393 2596; x_wconf 87' lang='lat' dir='ltr'>penetralibus</span> <span class='ocrx_word' id='word_1_222' title='bbox 1418 2495 1570 2571; x_wconf 78' lang='lat' dir='ltr'>abscessus</span> <span class='ocrx_word' id='word_1_223' title='bbox 1593 2518 1680 2578; x_wconf 89' lang='lat' dir='ltr'>erat,</span> <span class='ocrx_word' id='word_1_224' title='bbox 1703 2521 1813 2592; x_wconf 88' lang='lat' dir='ltr'>aquo</span> <span class='ocrx_word' id='word_1_225' title='bbox 1828 2493 1959 2567; x_wconf 87' lang='lat' dir='ltr'>credibi-</span> 
     </span>
     <span class='ocr_line' id='line_1_22' title="bbox 537 2591 1451 2693; baseline -0.007 -22"><span class='ocrx_word' id='word_1_226' title='bbox 537 2599 566 2671; x_wconf 84' lang='lat' dir='ltr'>ie</span> <span class='ocrx_word' id='word_1_227' title='bbox 590 2595 762 2669; x_wconf 84' lang='lat' dir='ltr'>manaviiie</span> <span class='ocrx_word' id='word_1_228' title='bbox 779 2591 921 2675; x_wconf 87' lang='lat' dir='ltr'>saniem,</span> <span class='ocrx_word' id='word_1_229' title='bbox 945 2615 1013 2665; x_wconf 91' lang='lat' dir='ltr'>tam</span> <span class='ocrx_word' id='word_1_230' title='bbox 1032 2592 1102 2668; x_wconf 62' lang='lat' dir='ltr'>bvi</span> <span class='ocrx_word' id='word_1_231' title='bbox 1119 2597 1238 2664; x_wconf 85' lang='lat' dir='ltr'>doloris</span> <span class='ocrx_word' id='word_1_232' title='bbox 1266 2617 1451 2693; x_wconf 88' lang='lat' dir='ltr'>parentem.</span> 
     </span>
    </p>

    <p class='ocr_par' dir='ltr' id='par_1_7' title="bbox 532 2691 1965 3190">
     <span class='ocr_line' id='line_1_23' title="bbox 581 2691 1960 2864; baseline -0.001 -97"><span class='ocrx_word' id='word_1_233' title='bbox 581 2697 708 2767; x_wconf 82' lang='lat' dir='ltr'>Claudii</span> <span class='ocrx_word' id='word_1_234' title='bbox 725 2696 772 2765; x_wconf 94' lang='lat' dir='ltr'>du</span> <span class='ocrx_word' id='word_1_235' title='bbox 796 2698 886 2775; x_wconf 75' lang='lat' dir='ltr'>four,</span> <span class='ocrx_word' id='word_1_236' title='bbox 907 2695 1085 2793; x_wconf 89' lang='lat' dir='ltr'>pulmonici</span> <span class='ocrx_word' id='word_1_237' title='bbox 1109 2696 1252 2763; x_wconf 87' lang='lat' dir='ltr'>notanda</span> <span class='ocrx_word' id='word_1_238' title='bbox 1276 2694 1423 2766; x_wconf 88' lang='lat' dir='ltr'>historia.</span> <span class='ocrx_word' id='word_1_239' title='bbox 1450 2700 1567 2864; x_wconf 38' lang='lat' dir='ltr'>Qum</span> <span class='ocrx_word' id='word_1_240' title='bbox 1585 2697 1748 2793; x_wconf 89' lang='lat' dir='ltr'>pulmonis</span> <span class='ocrx_word' id='word_1_241' title='bbox 1773 2691 1890 2765; x_wconf 89' lang='lat' dir='ltr'>morbo</span> <span class='ocrx_word' id='word_1_242' title='bbox 1905 2717 1960 2764; x_wconf 91' lang='lat' dir='ltr'>an-</span> 
     </span>
     <span class='ocr_line' id='line_1_24' title="bbox 537 2787 1961 2892; baseline -0.001 -28"><span class='ocrx_word' id='word_1_243' title='bbox 537 2799 632 2891; x_wconf 79' lang='lat' dir='ltr'>tiquo</span> <span class='ocrx_word' id='word_1_244' title='bbox 657 2793 722 2866; x_wconf 88' lang='lat' dir='ltr'>alvi</span> <span class='ocrx_word' id='word_1_245' title='bbox 747 2796 947 2891; x_wconf 86' lang='lat' dir='ltr'>profluvium</span> <span class='ocrx_word' id='word_1_246' title='bbox 967 2790 1198 2885; x_wconf 87' lang='lat' dir='ltr'>dysentericum</span> <span class='ocrx_word' id='word_1_247' title='bbox 1211 2787 1407 2874; x_wconf 82' lang='lat' dir='ltr'>successisset,</span> <span class='ocrx_word' id='word_1_248' title='bbox 1432 2797 1491 2892; x_wconf 90' lang='lat' dir='ltr'>pul</span> <span class='ocrx_word' id='word_1_249' title='bbox 1506 2820 1544 2865; x_wconf 89' lang='lat' dir='ltr'>us</span> <span class='ocrx_word' id='word_1_250' title='bbox 1566 2798 1749 2889; x_wconf 71' lang='lat' dir='ltr'>inaequalis,</span> <span class='ocrx_word' id='word_1_251' title='bbox 1769 2788 1961 2870; x_wconf 85' lang='lat' dir='ltr'>intercisus,</span> 
     </span>
     <span class='ocr_line' id='line_1_25' title="bbox 532 2887 1964 2992; baseline -0.002 -27"><span class='ocrx_word' id='word_1_252' title='bbox 532 2919 609 2966; x_wconf 88' lang='lat' dir='ltr'>mox</span> <span class='ocrx_word' id='word_1_253' title='bbox 626 2895 788 2972; x_wconf 84' lang='lat' dir='ltr'>dierotus,</span> <span class='ocrx_word' id='word_1_254' title='bbox 813 2918 887 2962; x_wconf 89' lang='lat' dir='ltr'>mox</span> <span class='ocrx_word' id='word_1_255' title='bbox 914 2897 1120 2965; x_wconf 87' lang='lat' dir='ltr'>intermittens</span> <span class='ocrx_word' id='word_1_256' title='bbox 1155 2888 1366 2992; x_wconf 88' lang='lat' dir='ltr'>deprehensus</span> <span class='ocrx_word' id='word_1_257' title='bbox 1391 2893 1463 2966; x_wconf 83' lang='lat' dir='ltr'>est.</span> <span class='ocrx_word' id='word_1_258' title='bbox 1489 2899 1558 2967; x_wconf 90' lang='lat' dir='ltr'>Diu</span> <span class='ocrx_word' id='word_1_259' title='bbox 1587 2896 1762 2973; x_wconf 83' lang='lat' dir='ltr'>admodum</span> <span class='ocrx_word' id='word_1_260' title='bbox 1791 2887 1964 2991; x_wconf 81' lang='lat' dir='ltr'>persevera-</span> 
     </span>
     <span class='ocr_line' id='line_1_26' title="bbox 533 2987 1965 3087; baseline -0.003 -22"><span class='ocrx_word' id='word_1_261' title='bbox 533 3013 651 3069; x_wconf 70' lang='lat' dir='ltr'>verunt</span> <span class='ocrx_word' id='word_1_262' title='bbox 671 2992 746 3065; x_wconf 84' lang='lat' dir='ltr'>ista.</span> <span class='ocrx_word' id='word_1_263' title='bbox 772 2995 917 3070; x_wconf 87' lang='lat' dir='ltr'>Tandem</span> <span class='ocrx_word' id='word_1_264' title='bbox 936 2993 976 3061; x_wconf 90' lang='lat' dir='ltr'>ad</span> <span class='ocrx_word' id='word_1_265' title='bbox 1002 2987 1093 3064; x_wconf 90' lang='lat' dir='ltr'>suam</span> <span class='ocrx_word' id='word_1_266' title='bbox 1122 2995 1333 3087; x_wconf 66' lang='lat' dir='ltr'>equalitatem</span> <span class='ocrx_word' id='word_1_267' title='bbox 1361 2996 1481 3072; x_wconf 83' lang='lat' dir='ltr'>rediit,</span> <span class='ocrx_word' id='word_1_268' title='bbox 1505 2990 1555 3063; x_wconf 91' lang='lat' dir='ltr'>sed</span> <span class='ocrx_word' id='word_1_269' title='bbox 1579 2993 1774 3086; x_wconf 84' lang='lat' dir='ltr'>frequentior</span> <span class='ocrx_word' id='word_1_270' title='bbox 1801 2999 1837 3067; x_wconf 71' lang='grc' dir='ltr'>δι</span> <span class='ocrx_word' id='word_1_271' title='bbox 1860 2997 1965 3062; x_wconf 89' lang='lat' dir='ltr'>minor</span> 
     </span>
     <span class='ocr_line' id='line_1_27' title="bbox 535 3087 1699 3190; baseline -0.009 -22"><span class='ocrx_word' id='word_1_272' title='bbox 535 3113 618 3168; x_wconf 80' lang='lat' dir='ltr'>crat.</span> <span class='ocrx_word' id='word_1_273' title='bbox 645 3094 761 3165; x_wconf 91' lang='lat' dir='ltr'>Paullo</span> <span class='ocrx_word' id='word_1_274' title='bbox 785 3089 862 3190; x_wconf 77' lang='lat' dir='ltr'>pois</span> <span class='ocrx_word' id='word_1_275' title='bbox 873 3094 1012 3163; x_wconf 89' lang='lat' dir='ltr'>interiit.</span> <span class='ocrx_word' id='word_1_276' title='bbox 1041 3093 1133 3165; x_wconf 79' lang='lat' dir='ltr'>Adeo</span> <span class='ocrx_word' id='word_1_277' title='bbox 1155 3094 1194 3161; x_wconf 91' lang='lat' dir='ltr'>de</span> <span class='ocrx_word' id='word_1_278' title='bbox 1219 3087 1313 3188; x_wconf 86' lang='lat' dir='ltr'>pulsu</span> <span class='ocrx_word' id='word_1_279' title='bbox 1331 3093 1470 3178; x_wconf 71' lang='lat' dir='ltr'>judicare</span> <span class='ocrx_word' id='word_1_280' title='bbox 1485 3090 1528 3159; x_wconf 87' lang='lat' dir='ltr'>esi</span> <span class='ocrx_word' id='word_1_281' title='bbox 1546 3092 1699 3159; x_wconf 80' lang='lat' dir='ltr'>difficile.</span> 
     </span>
    </p>

    <p class='ocr_par' dir='ltr' id='par_1_8' title="bbox 530 3188 1971 3577">
     <span class='ocr_line' id='line_1_28' title="bbox 584 3188 1968 3287; baseline -0.006 -23"><span class='ocrx_word' id='word_1_282' title='bbox 584 3188 781 3276; x_wconf 82' lang='lat' dir='ltr'>Admirabile</span> <span class='ocrx_word' id='word_1_283' title='bbox 808 3192 901 3287; x_wconf 90' lang='lat' dir='ltr'>quod</span> <span class='ocrx_word' id='word_1_284' title='bbox 928 3194 1013 3262; x_wconf 88' lang='lat' dir='ltr'>conti</span> <span class='ocrx_word' id='word_1_285' title='bbox 1039 3197 1063 3260; x_wconf 84' lang='lat' dir='ltr'>’t</span> <span class='ocrx_word' id='word_1_286' title='bbox 1088 3197 1183 3260; x_wconf 88' lang='lat' dir='ltr'>uxori</span> <span class='ocrx_word' id='word_1_287' title='bbox 1201 3190 1373 3259; x_wconf 83' lang='lat' dir='ltr'>Maelovii.</span> <span class='ocrx_word' id='word_1_288' title='bbox 1395 3190 1538 3256; x_wconf 87' lang='lat' dir='ltr'>Primum</span> <span class='ocrx_word' id='word_1_289' title='bbox 1556 3188 1680 3256; x_wconf 87' lang='lat' dir='ltr'>dolores</span> <span class='ocrx_word' id='word_1_290' title='bbox 1697 3188 1813 3255; x_wconf 87' lang='lat' dir='ltr'>coliei.</span> <span class='ocrx_word' id='word_1_291' title='bbox 1840 3190 1968 3258; x_wconf 82' lang='lat' dir='ltr'>Deinde</span> 
     </span>
     <span class='ocr_line' id='line_1_29' title="bbox 530 3214 1971 3391; baseline -0.008 -27"><span class='ocrx_word' id='word_1_292' title='bbox 530 3294 718 3391; x_wconf 72' lang='lat' dir='ltr'>&#39;nephritici</span> <span class='ocrx_word' id='word_1_293' title='bbox 735 3295 953 3362; x_wconf 76' lang='lat' dir='ltr'>vomitiones.</span> <span class='ocrx_word' id='word_1_294' title='bbox 972 3214 1077 3360; x_wconf 62' lang='lat' dir='ltr'>saffris</span> <span class='ocrx_word' id='word_1_295' title='bbox 1091 3286 1225 3358; x_wconf 81' lang='lat' dir='ltr'>allidua.</span> <span class='ocrx_word' id='word_1_296' title='bbox 1245 3285 1388 3357; x_wconf 86' lang='lat' dir='ltr'>Tandem</span> <span class='ocrx_word' id='word_1_297' title='bbox 1407 3279 1842 3377; x_wconf 70' lang='lat' dir='ltr'>mtiiocnm1ta,sanguine</span> <span class='ocrx_word' id='word_1_298' title='bbox 1856 3290 1971 3354; x_wconf 88' lang='lat' dir='ltr'>multo</span> 
     </span>
     <span class='ocr_line' id='line_1_30' title="bbox 534 3377 1971 3486; baseline -0.004 -25"><span class='ocrx_word' id='word_1_299' title='bbox 534 3394 689 3466; x_wconf 80' lang='lat' dir='ltr'>nimirum</span> <span class='ocrx_word' id='word_1_300' title='bbox 706 3380 823 3469; x_wconf 80' lang='lat' dir='ltr'>effitso,</span> <span class='ocrx_word' id='word_1_301' title='bbox 847 3391 1014 3486; x_wconf 87' lang='lat' dir='ltr'>apparuit.</span> <span class='ocrx_word' id='word_1_302' title='bbox 1041 3380 1225 3460; x_wconf 82' lang='lat' dir='ltr'>Diutilsrme</span> <span class='ocrx_word' id='word_1_303' title='bbox 1241 3381 1469 3478; x_wconf 85' lang='lat' dir='ltr'>perseveravit.</span> <span class='ocrx_word' id='word_1_304' title='bbox 1493 3387 1552 3455; x_wconf 75' lang='lat' dir='ltr'>Sex</span> <span class='ocrx_word' id='word_1_305' title='bbox 1567 3404 1623 3456; x_wconf 91' lang='lat' dir='ltr'>aut</span> <span class='ocrx_word' id='word_1_306' title='bbox 1643 3379 1759 3479; x_wconf 89' lang='lat' dir='ltr'>septem</span> <span class='ocrx_word' id='word_1_307' title='bbox 1778 3377 1971 3478; x_wconf 89' lang='lat' dir='ltr'>septimanas</span> 
     </span>
     <span class='ocr_line' id='line_1_31' title="bbox 535 3478 1968 3577; baseline -0.008 -20"><span class='ocrx_word' id='word_1_308' title='bbox 535 3484 715 3562; x_wconf 88' lang='lat' dir='ltr'>laboravit.</span> <span class='ocrx_word' id='word_1_309' title='bbox 734 3489 764 3553; x_wconf 85' lang='lat' dir='ltr'>T</span> <span class='ocrx_word' id='word_1_310' title='bbox 767 3489 882 3556; x_wconf 88' lang='lat' dir='ltr'>andem</span> <span class='ocrx_word' id='word_1_311' title='bbox 902 3504 971 3555; x_wconf 92' lang='lat' dir='ltr'>tota</span> <span class='ocrx_word' id='word_1_312' title='bbox 986 3478 1143 3556; x_wconf 73' lang='lat' dir='ltr'>tabentia</span> <span class='ocrx_word' id='word_1_313' title='bbox 1158 3485 1295 3553; x_wconf 86' lang='lat' dir='ltr'>interiit.</span> <span class='ocrx_word' id='word_1_314' title='bbox 1314 3482 1458 3553; x_wconf 86' lang='lat' dir='ltr'>Nullum</span> <span class='ocrx_word' id='word_1_315' title='bbox 1472 3483 1607 3577; x_wconf 87' lang='lat' dir='ltr'>lapidem</span> <span class='ocrx_word' id='word_1_316' title='bbox 1624 3482 1775 3551; x_wconf 82' lang='lat' dir='ltr'>excrevit.</span> <span class='ocrx_word' id='word_1_317' title='bbox 1794 3483 1849 3550; x_wconf 83' lang='lat' dir='ltr'>An</span> <span class='ocrx_word' id='word_1_318' title='bbox 1865 3484 1900 3551; x_wconf 92' lang='lat' dir='ltr'>id</span> <span class='ocrx_word' id='word_1_319' title='bbox 1915 3506 1968 3551; x_wconf 76' lang='lat' dir='ltr'>ne.</span> 
     </span>
    </p>

    <p class='ocr_par' dir='ltr' id='par_1_9' title="bbox 461 3582 1993 4272">
     <span class='ocr_line' id='line_1_32' title="bbox 483 3582 1993 3775; baseline 0.001 -27"><span class='ocrx_word' id='word_1_320' title='bbox 483 3753 490 3768; x_wconf 61' lang='lat'>‚</span> <span class='ocrx_word' id='word_1_321' title='bbox 533 3588 707 3750; x_wconf 55' lang='lat' dir='ltr'>phrpqqorlrp</span> <span class='ocrx_word' id='word_1_322' title='bbox 721 3582 827 3748; x_wconf 49' lang='lat' dir='ltr'>fiDitde</span> <span class='ocrx_word' id='word_1_323' title='bbox 843 3682 992 3765; x_wconf 72' lang='lat' dir='ltr'>cressy,</span> <span class='ocrx_word' id='word_1_324' title='bbox 1017 3695 1160 3768; x_wconf 85' lang='lat' dir='ltr'>utroque</span> <span class='ocrx_word' id='word_1_325' title='bbox 1182 3696 1310 3769; x_wconf 85' lang='lat' dir='ltr'>parente</span> <span class='ocrx_word' id='word_1_326' title='bbox 1329 3695 1401 3743; x_wconf 91' lang='lat' dir='ltr'>orta</span> <span class='ocrx_word' id='word_1_327' title='bbox 1423 3678 1536 3745; x_wconf 87' lang='lat' dir='ltr'>calidis</span> <span class='ocrx_word' id='word_1_328' title='bbox 1553 3674 1722 3748; x_wconf 84' lang='lat' dir='ltr'>visceribus</span> <span class='ocrx_word' id='word_1_329' title='bbox 1742 3680 1899 3775; x_wconf 75' lang='lat' dir='ltr'>praedito,</span> <span class='ocrx_word' id='word_1_330' title='bbox 1921 3696 1968 3750; x_wconf 82' lang='lat' dir='ltr'>&#39;et-</span> <span class='ocrx_word' id='word_1_331' title='bbox 1992 3681 1993 3685; x_wconf 65' lang='grc'>’</span> 
     </span>
     <span class='ocr_line' id='line_1_33' title="bbox 535 3767 1967 3872; baseline 0.002 -27.853"><span class='ocrx_word' id='word_1_332' title='bbox 535 3782 601 3855; x_wconf 82' lang='lat' dir='ltr'>iam</span> <span class='ocrx_word' id='word_1_333' title='bbox 617 3778 698 3844; x_wconf 93' lang='lat' dir='ltr'>dum</span> <span class='ocrx_word' id='word_1_334' title='bbox 724 3767 877 3850; x_wconf 83' lang='lat' dir='ltr'>sanaest,</span> <span class='ocrx_word' id='word_1_335' title='bbox 901 3772 1029 3863; x_wconf 82' lang='lat' dir='ltr'>singulis</span> <span class='ocrx_word' id='word_1_336' title='bbox 1054 3794 1134 3868; x_wconf 72' lang='lat' dir='ltr'>pene</span> <span class='ocrx_word' id='word_1_337' title='bbox 1151 3768 1309 3841; x_wconf 82' lang='lat' dir='ltr'>mensibus</span> <span class='ocrx_word' id='word_1_338' title='bbox 1333 3774 1419 3841; x_wconf 91' lang='lat' dir='ltr'>diem</span> <span class='ocrx_word' id='word_1_339' title='bbox 1445 3798 1549 3844; x_wconf 90' lang='lat' dir='ltr'>unum</span> <span class='ocrx_word' id='word_1_340' title='bbox 1567 3771 1722 3846; x_wconf 85' lang='lat' dir='ltr'>febricitat</span> <span class='ocrx_word' id='word_1_341' title='bbox 1748 3773 1818 3845; x_wconf 87' lang='lat' dir='ltr'>satis</span> <span class='ocrx_word' id='word_1_342' title='bbox 1843 3780 1967 3872; x_wconf 82' lang='lat' dir='ltr'>infigni·</span> 
     </span>
     <span class='ocr_line' id='line_1_34' title="bbox 537 3865 1965 3966; baseline 0.001 -23"><span class='ocrx_word' id='word_1_343' title='bbox 537 3892 605 3943; x_wconf 88' lang='lat' dir='ltr'>ter.</span> <span class='ocrx_word' id='word_1_344' title='bbox 633 3874 671 3941; x_wconf 92' lang='lat' dir='ltr'>ld</span> <span class='ocrx_word' id='word_1_345' title='bbox 688 3871 814 3941; x_wconf 90' lang='lat' dir='ltr'>latentis</span> <span class='ocrx_word' id='word_1_346' title='bbox 834 3870 1004 3958; x_wconf 81' lang='lat' dir='ltr'>eujusdam</span> <span class='ocrx_word' id='word_1_347' title='bbox 1018 3872 1093 3940; x_wconf 85' lang='lat' dir='ltr'>vitii</span> <span class='ocrx_word' id='word_1_348' title='bbox 1115 3865 1337 3966; x_wconf 88' lang='lat' dir='ltr'>inexplicabilis</span> <span class='ocrx_word' id='word_1_349' title='bbox 1362 3872 1489 3966; x_wconf 73' lang='lat' dir='ltr'>signum</span> <span class='ocrx_word' id='word_1_350' title='bbox 1510 3874 1583 3947; x_wconf 86' lang='lat' dir='ltr'>esi.</span> <span class='ocrx_word' id='word_1_351' title='bbox 1609 3878 1744 3945; x_wconf 78' lang='lat' dir='ltr'>Lutetia</span> <span class='ocrx_word' id='word_1_352' title='bbox 1762 3878 1873 3948; x_wconf 87' lang='lat' dir='ltr'>eodem</span> <span class='ocrx_word' id='word_1_353' title='bbox 1897 3903 1965 3945; x_wconf 79' lang='lat' dir='ltr'>mo</span> 
     </span>
     <span class='ocr_line' id='line_1_35' title="bbox 472 3963 1965 4072; baseline 0.003 -32"><span class='ocrx_word' id='word_1_354' title='bbox 472 3967 502 4009; x_wconf 65' lang='lat'>‘²&#39;</span> <span class='ocrx_word' id='word_1_355' title='bbox 536 3974 581 4041; x_wconf 93' lang='lat' dir='ltr'>do</span> <span class='ocrx_word' id='word_1_356' title='bbox 597 3972 710 4043; x_wconf 73' lang='lat' dir='ltr'>affeeta</span> <span class='ocrx_word' id='word_1_357' title='bbox 730 3964 795 4044; x_wconf 87' lang='lat' dir='ltr'>visa</span> <span class='ocrx_word' id='word_1_358' title='bbox 817 3968 882 4039; x_wconf 86' lang='lat' dir='ltr'>est.</span> <span class='ocrx_word' id='word_1_359' title='bbox 908 3963 1012 4037; x_wconf 75' lang='lat' dir='ltr'>febris</span> <span class='ocrx_word' id='word_1_360' title='bbox 1038 3963 1264 4066; x_wconf 87' lang='lat' dir='ltr'>perseveravit,</span> <span class='ocrx_word' id='word_1_361' title='bbox 1289 3970 1456 4041; x_wconf 88' lang='lat' dir='ltr'>inclinatio</span> <span class='ocrx_word' id='word_1_362' title='bbox 1471 3979 1506 4045; x_wconf 79' lang='lat' dir='ltr'>dt</span> <span class='ocrx_word' id='word_1_363' title='bbox 1529 3977 1721 4072; x_wconf 81' lang='lat' dir='ltr'>propensitas</span> <span class='ocrx_word' id='word_1_364' title='bbox 1741 3979 1774 4044; x_wconf 91' lang='lat' dir='ltr'>in</span> <span class='ocrx_word' id='word_1_365' title='bbox 1789 3971 1965 4047; x_wconf 83' lang='lat' dir='ltr'>somnum.</span> 
     </span>
     <span class='ocr_line' id='line_1_36' title="bbox 530 4063 1970 4171; baseline 0.002 -29"><span class='ocrx_word' id='word_1_366' title='bbox 530 4066 660 4142; x_wconf 79' lang='lat' dir='ltr'>&#39;Rubor</span> <span class='ocrx_word' id='word_1_367' title='bbox 680 4094 835 4166; x_wconf 84' lang='lat' dir='ltr'>genarum</span> <span class='ocrx_word' id='word_1_368' title='bbox 864 4063 1006 4145; x_wconf 87' lang='lat' dir='ltr'>summus</span> <span class='ocrx_word' id='word_1_369' title='bbox 1029 4117 1038 4135; x_wconf 94' lang='lat'>.</span> <span class='ocrx_word' id='word_1_370' title='bbox 1067 4071 1326 4140; x_wconf 82' lang='lat' dir='ltr'>Exantlrematon</span> <span class='ocrx_word' id='word_1_371' title='bbox 1355 4066 1485 4167; x_wconf 91' lang='lat' dir='ltr'>suspicio</span> <span class='ocrx_word' id='word_1_372' title='bbox 1504 4094 1599 4154; x_wconf 85' lang='lat' dir='ltr'>erat,</span> <span class='ocrx_word' id='word_1_373' title='bbox 1621 4093 1679 4143; x_wconf 87' lang='lat' dir='ltr'>aut</span> <span class='ocrx_word' id='word_1_374' title='bbox 1704 4073 1970 4171; x_wconf 74' lang='lat' dir='ltr'>peripneumonia</span> 
     </span>
     <span class='ocr_line' id='line_1_37' title="bbox 539 4161 1969 4272; baseline 0.006 -35"><span class='ocrx_word' id='word_1_375' title='bbox 539 4188 659 4238; x_wconf 86' lang='lat' dir='ltr'>metus.</span> <span class='ocrx_word' id='word_1_376' title='bbox 688 4170 741 4238; x_wconf 91' lang='lat' dir='ltr'>Dc</span> <span class='ocrx_word' id='word_1_377' title='bbox 765 4165 868 4237; x_wconf 88' lang='lat' dir='ltr'>salute</span> <span class='ocrx_word' id='word_1_378' title='bbox 886 4161 1129 4263; x_wconf 84' lang='lat' dir='ltr'>desperabatur.</span> <span class='ocrx_word' id='word_1_379' title='bbox 1153 4170 1326 4243; x_wconf 76' lang='lat' dir='ltr'>convaluit</span> <span class='ocrx_word' id='word_1_380' title='bbox 1345 4189 1458 4267; x_wconf 77' lang='lat' dir='ltr'>prater</span> <span class='ocrx_word' id='word_1_381' title='bbox 1474 4167 1586 4269; x_wconf 89' lang='lat' dir='ltr'>spem.</span> <span class='ocrx_word' id='word_1_382' title='bbox 1610 4176 1660 4243; x_wconf 86' lang='lat' dir='ltr'>Sic</span> <span class='ocrx_word' id='word_1_383' title='bbox 1675 4176 1904 4272; x_wconf 77' lang='lat' dir='ltr'>pracipimntet</span> <span class='ocrx_word' id='word_1_384' title='bbox 1928 4178 1969 4245; x_wconf 82' lang='lat' dir='ltr'>de</span> 
     </span>
    </p>

    <p class='ocr_par' dir='ltr' id='par_1_10' title="bbox 374 4260 1974 4754">
     <span class='ocr_line' id='line_1_38' title="bbox 542 4260 1099 4363; baseline 0.002 -28"><span class='ocrx_word' id='word_1_385' title='bbox 542 4261 664 4335; x_wconf 88' lang='lat' dir='ltr'>morbis</span> <span class='ocrx_word' id='word_1_386' title='bbox 689 4260 855 4363; x_wconf 71' lang='lat' dir='ltr'>presagire</span> <span class='ocrx_word' id='word_1_387' title='bbox 871 4290 937 4331; x_wconf 92' lang='lat' dir='ltr'>non</span> <span class='ocrx_word' id='word_1_388' title='bbox 952 4287 1099 4361; x_wconf 89' lang='lat' dir='ltr'>oportet.</span> 
     </span>
     <span class='ocr_line' id='line_1_39' title="bbox 375 4364 1970 4469; baseline 0.005 -34"><span class='ocrx_word' id='word_1_389' title='bbox 375 4409 518 4469; x_wconf 49' lang='lat' dir='ltr'>mim-n„</span> <span class='ocrx_word' id='word_1_390' title='bbox 592 4364 695 4435; x_wconf 56' lang='lat' dir='ltr'>Sestio</span> <span class='ocrx_word' id='word_1_391' title='bbox 715 4369 795 4433; x_wconf 88' lang='lat' dir='ltr'>inter</span> <span class='ocrx_word' id='word_1_392' title='bbox 819 4364 1007 4442; x_wconf 86' lang='lat' dir='ltr'>anularem,</span> <span class='ocrx_word' id='word_1_393' title='bbox 1033 4372 1067 4438; x_wconf 78' lang='lat' dir='ltr'>de</span> <span class='ocrx_word' id='word_1_394' title='bbox 1086 4373 1262 4438; x_wconf 85' lang='lat' dir='ltr'>minimum</span> <span class='ocrx_word' id='word_1_395' title='bbox 1280 4371 1420 4463; x_wconf 85' lang='lat' dir='ltr'>digitum</span> <span class='ocrx_word' id='word_1_396' title='bbox 1439 4367 1482 4442; x_wconf 87' lang='lat' dir='ltr'>ab</span> <span class='ocrx_word' id='word_1_397' title='bbox 1502 4376 1643 4468; x_wconf 86' lang='lat' dir='ltr'>antiquis</span> <span class='ocrx_word' id='word_1_398' title='bbox 1662 4376 1776 4445; x_wconf 89' lang='lat' dir='ltr'>eredita</span> <span class='ocrx_word' id='word_1_399' title='bbox 1792 4369 1835 4441; x_wconf 88' lang='lat' dir='ltr'>cst</span> <span class='ocrx_word' id='word_1_400' title='bbox 1850 4367 1970 4443; x_wconf 84' lang='lat' dir='ltr'>febrem</span> 
     </span>
     <span class='ocr_line' id='line_1_40' title="bbox 374 4457 1974 4643; baseline 0.006 -12"><span class='ocrx_word' id='word_1_401' title='bbox 374 4509 424 4631; x_wconf 69' lang='lat'>5⁰</span> <span class='ocrx_word' id='word_1_402' title='bbox 443 4510 519 4640; x_wconf 69' lang='lat'>‚35¹3</span> <span class='ocrx_word' id='word_1_403' title='bbox 542 4457 1216 4637; x_wconf 46' lang='grc' dir='ltr'>ἶῗὲἕῶωιῖειῖἶῖνῖἱῗιιῖῗέὲῗῗὲὼΞ</span> <span class='ocrx_word' id='word_1_404' title='bbox 1230 4463 1434 4643; x_wconf 47' lang='lat' dir='ltr'>qap?</span> <span class='ocrx_word' id='word_1_405' title='bbox 1454 4467 1573 4643; x_wconf 58' lang='lat' dir='ltr'>mist-⁵</span> <span class='ocrx_word' id='word_1_406' title='bbox 1606 4477 1810 4642; x_wconf 54' lang='lat' dir='ltr'>q¹¹³¹i⁸¹¹is³²</span> <span class='ocrx_word' id='word_1_407' title='bbox 1833 4468 1974 4641; x_wconf 49' lang='lat' dir='ltr'>fimi</span> 
     </span>
     <span class='ocr_line' id='line_1_41' title="bbox 376 4590 1973 4754; baseline 0.009 -25"><span class='ocrx_word' id='word_1_408' title='bbox 376 4597 505 4754; x_wconf 50' lang='lat' dir='ltr'>¹³:2in</span> <span class='ocrx_word' id='word_1_409' title='bbox 546 4660 611 4731; x_wconf 90' lang='lat' dir='ltr'>bris</span> <span class='ocrx_word' id='word_1_410' title='bbox 633 4662 777 4754; x_wconf 85' lang='lat' dir='ltr'>jugulata</span> <span class='ocrx_word' id='word_1_411' title='bbox 793 4659 855 4732; x_wconf 86' lang='lat' dir='ltr'>est.</span> <span class='ocrx_word' id='word_1_412' title='bbox 881 4661 942 4733; x_wconf 82' lang='lat' dir='ltr'>Sed</span> <span class='ocrx_word' id='word_1_413' title='bbox 964 4688 1085 4737; x_wconf 88' lang='lat' dir='ltr'>annum</span> <span class='ocrx_word' id='word_1_414' title='bbox 1104 4590 1973 4750; x_wconf 44' lang='lat' dir='ltr'>sedeebnbmetdraanusqsdtafftbsrelcubillibesidbgauismad*</span> 
     </span>
    </p>
   </div>
   <div class='ocr_carea' id='block_1_3' title="bbox 376 4743 1719 4899">
    <p class='ocr_par' dir='ltr' id='par_1_11' title="bbox 376 4743 1719 4899">
     <span class='ocr_line' id='line_1_42' title="bbox 376 4743 1719 4899; baseline 0.025 -85"><span class='ocrx_word' id='word_1_415' title='bbox 376 4743 502 4899; x_wconf 50' lang='lat'>53:2²¹:</span> <span class='ocrx_word' id='word_1_416' title='bbox 547 4763 607 4832; x_wconf 86' lang='lat' dir='ltr'>fit.</span> <span class='ocrx_word' id='word_1_417' title='bbox 634 4762 752 4830; x_wconf 86' lang='lat' dir='ltr'>Eadem</span> <span class='ocrx_word' id='word_1_418' title='bbox 779 4762 904 4833; x_wconf 87' lang='lat' dir='ltr'>asseruit</span> <span class='ocrx_word' id='word_1_419' title='bbox 920 4766 1046 4835; x_wconf 91' lang='lat' dir='ltr'>cuidam</span> <span class='ocrx_word' id='word_1_420' title='bbox 1063 4761 1162 4836; x_wconf 88' lang='lat' dir='ltr'>nobili</span> <span class='ocrx_word' id='word_1_421' title='bbox 1178 4771 1249 4839; x_wconf 84' lang='lat' dir='ltr'>viro</span> <span class='ocrx_word' id='word_1_422' title='bbox 1263 4768 1323 4841; x_wconf 81' lang='lat' dir='ltr'>sibi</span> <span class='ocrx_word' id='word_1_423' title='bbox 1347 4791 1428 4839; x_wconf 92' lang='lat' dir='ltr'>noto</span> <span class='ocrx_word' id='word_1_424' title='bbox 1441 4773 1525 4842; x_wconf 89' lang='lat' dir='ltr'>idem</span> <span class='ocrx_word' id='word_1_425' title='bbox 1543 4773 1719 4863; x_wconf 77' lang='lat' dir='ltr'>contigisse.</span> 
     </span>
    </p>
   </div>
   <div class='ocr_carea' id='block_1_4' title="bbox 376 4863 1978 5056">
    <p class='ocr_par' dir='ltr' id='par_1_12' title="bbox 376 4863 1978 5056">
     <span class='ocr_line' id='line_1_43' title="bbox 376 4863 1976 4975; baseline -0.004 -40"><span class='ocrx_word' id='word_1_426' title='bbox 376 4904 527 4975; x_wconf 41' lang='lat' dir='ltr'>„plomb</span> <span class='ocrx_word' id='word_1_427' title='bbox 598 4864 636 4928; x_wconf 89' lang='lat' dir='ltr'>in</span> <span class='ocrx_word' id='word_1_428' title='bbox 656 4883 691 4930; x_wconf 87' lang='lat' dir='ltr'>re</span> <span class='ocrx_word' id='word_1_429' title='bbox 715 4883 866 4955; x_wconf 87' lang='lat' dir='ltr'>quaque,</span> <span class='ocrx_word' id='word_1_430' title='bbox 890 4863 952 4931; x_wconf 77' lang='lat' dir='ltr'>five</span> <span class='ocrx_word' id='word_1_431' title='bbox 976 4888 1012 4932; x_wconf 86' lang='lat' dir='ltr'>ea</span> <span class='ocrx_word' id='word_1_432' title='bbox 1031 4871 1170 4943; x_wconf 88' lang='lat' dir='ltr'>nutriat,</span> <span class='ocrx_word' id='word_1_433' title='bbox 1195 4867 1258 4936; x_wconf 86' lang='lat' dir='ltr'>srve</span> <span class='ocrx_word' id='word_1_434' title='bbox 1277 4871 1419 4938; x_wconf 90' lang='lat' dir='ltr'>dolorem</span> <span class='ocrx_word' id='word_1_435' title='bbox 1435 4874 1568 4946; x_wconf 86' lang='lat' dir='ltr'>excitet,</span> <span class='ocrx_word' id='word_1_436' title='bbox 1592 4870 1655 4941; x_wconf 82' lang='lat' dir='ltr'>sive</span> <span class='ocrx_word' id='word_1_437' title='bbox 1672 4868 1828 4944; x_wconf 74' lang='lat' dir='ltr'>morbum</span> <span class='ocrx_word' id='word_1_438' title='bbox 1849 4871 1943 4944; x_wconf 60' lang='lat' dir='ltr'>faciat</span> <span class='ocrx_word' id='word_1_439' title='bbox 1963 4917 1976 4952; x_wconf 84' lang='lat'><strong>,</strong></span> 
     </span>
     <span class='ocr_line' id='line_1_44' title="bbox 378 4958 1978 5056; baseline -0.009 -21"><span class='ocrx_word' id='word_1_440' title='bbox 378 4988 488 5042; x_wconf 79' lang='lat' dir='ltr'>Admi-</span> <span class='ocrx_word' id='word_1_441' title='bbox 557 4959 642 5040; x_wconf 80' lang='lat' dir='ltr'>nosic</span> <span class='ocrx_word' id='word_1_442' title='bbox 660 4978 786 5056; x_wconf 89' lang='lat' dir='ltr'>oportet</span> <span class='ocrx_word' id='word_1_443' title='bbox 808 4958 930 5054; x_wconf 84' lang='lat' dir='ltr'>aliquid</span> <span class='ocrx_word' id='word_1_444' title='bbox 949 4962 1006 5031; x_wconf 83' lang='lat' dir='ltr'>elic</span> <span class='ocrx_word' id='word_1_445' title='bbox 1023 4981 1133 5042; x_wconf 78' lang='lat' dir='ltr'>tenue3</span> <span class='ocrx_word' id='word_1_446' title='bbox 1159 4964 1220 5036; x_wconf 79' lang='lat' dir='ltr'>sive</span> <span class='ocrx_word' id='word_1_447' title='bbox 1236 4965 1275 5036; x_wconf 83' lang='lat' dir='ltr'>fit</span> <span class='ocrx_word' id='word_1_448' title='bbox 1299 4963 1404 5055; x_wconf 71' lang='grc' dir='ltr'>ᾰῤῥδς,</span> <span class='ocrx_word' id='word_1_449' title='bbox 1438 4969 1500 5041; x_wconf 75' lang='lat' dir='ltr'>five</span> <span class='ocrx_word' id='word_1_450' title='bbox 1521 4974 1641 5051; x_wconf 67' lang='lat' dir='ltr'>flatus,</span> <span class='ocrx_word' id='word_1_451' title='bbox 1658 4969 1709 5043; x_wconf 60' lang='lat' dir='ltr'>&#39;ssu</span> <span class='ocrx_word' id='word_1_452' title='bbox 1725 4998 1827 5050; x_wconf 57' lang='lat' dir='ltr'>,amr</span> <span class='ocrx_word' id='word_1_453' title='bbox 1846 4992 1906 5042; x_wconf 64' lang='lat' dir='ltr'>aut</span> <span class='ocrx_word' id='word_1_454' title='bbox 1923 4996 1978 5041; x_wconf 54' lang='lat' dir='ltr'>ex.</span> 
     </span>
    </p>
   </div>
   <div class='ocr_carea' id='block_1_5' title="bbox 377 5053 1930 5151">
    <p class='ocr_par' dir='ltr' id='par_1_13' title="bbox 377 5053 1930 5151">
     <span class='ocr_line' id='line_1_45' title="bbox 377 5053 1930 5151; baseline 0.008 -27"><span class='ocrx_word' id='word_1_455' title='bbox 377 5068 492 5126; x_wconf 68' lang='lat' dir='ltr'>raides</span> <span class='ocrx_word' id='word_1_456' title='bbox 1767 5053 1778 5072; x_wconf 40' lang='grc' dir='ltr'><strong>Δ</strong></span> <span class='ocrx_word' id='word_1_457' title='bbox 1802 5072 1930 5151; x_wconf 67' lang='lat' dir='ltr'>littlatlo</span> 
     </span>
    </p>
   </div>
   <div class='ocr_carea' id='block_1_6' title="bbox 0 0 2285 5844">
    <p class='ocr_par' dir='ltr' id='par_1_14' title="bbox 0 0 2285 5844">
     <span class='ocr_line' id='line_1_46' title="bbox 0 0 2285 5844; baseline 0 0"><span class='ocrx_word' id='word_1_458' title='bbox 0 0 2285 5844; x_wconf 95' lang='lat' dir='ltr'> </span> 
     </span>
    </p>
   </div>
  </div>
 </body>
</html>
