4534 5850
615 498 656 574 ,2
787 467 1680 565 ‚sarnensonuss

393 684 413 724 ,
430 659 535 726 m,
558 635 872 714 animadvertordum
889 632 951 713 est,
975 651 1013 700 ne
1030 629 1109 725 quid
1122 629 1174 699 hic
1198 647 1342 725 peccetur
1367 677 1376 698 .
1416 648 1444 696 1.
1463 627 1561 698 Unde
1583 628 1789 723 plrreniticam
1809 630 1980 707 mulierem

394 684 535 809 rima
562 739 703 810 vidimus
716 738 779 808 fine
793 737 907 827 insigni
932 725 1039 810 febre,
1063 753 1137 823 quae
1163 750 1253 796 nono
1274 729 1324 796 die
1351 730 1472 803 interiit
1498 719 1684 805 eustadio,
1713 752 1820 823 quum
1847 731 1981 805 molesta

390 842 456 908 par.
485 841 534 906 17·
564 829 767 908 affidentibus
780 835 920 903 multum
940 828 1065 901 fuiilet.
1093 829 1155 896 llla
1169 848 1277 897 autem
1293 821 1475 896 consuendo
1497 822 1605 901 nostes
1627 822 1785 899 insomnes
1808 827 1944 924 degebat
1967 879 1981 911 ‚

393 912 443 976 leb.
460 930 489 978 ι.
562 941 721 1035 perpetuis
736 934 872 1029 querelis
885 927 1090 1025 virgunculas
1104 921 1163 994 srhi
1183 927 1223 994 ad
1240 925 1453 995 erudiendum
1468 924 1660 995 concreditas
1678 926 1873 1009 incedendo,
1896 935 1932 1007 δι
1942 949 1981 1000 ιιι

563 1037 769 1111 audivimus,
792 1055 882 1132 parce
896 1054 934 1100 ae
958 1030 1081 1097 duriter
1097 1025 1294 1101 vidiitandos
1318 1047 1374 1094 nec
1388 1049 1453 1095 non
1477 1018 1686 1122 vinumsaepe
1704 1026 1892 1123 pitiliando.
1930 1034 1983 1099 Bi-

561 1128 640 1203 lioso
657 1152 724 1203 erat
743 1134 833 1204 valde
848 1144 1112 1227 temperamento.
1140 1127 1252 1217 Atque
1268 1131 1377 1194 omnia
1394 1118 1603 1221 symptomata
1627 1146 1716 1193 erant
1731 1120 1851 1197 cerebri
1862 1133 1983 1223 prima.

468 1299 474 1312 ,
564 1237 614 1302 rio
627 1233 730 1307 ailedli
745 1256 782 1301 ac
798 1232 956 1304 exsiccati,
980 1248 1111 1295 necnon
1125 1221 1464 1390 adustamnquamdam
1489 1216 1586 1292 bilem
1603 1228 1819 1339 continentis.
1857 1228 1987 1298 Nimiis

564 1318 1981 1520 sn:narrentanas„tarnerasistrati

393 1488 536 1640 {⁶41³ss
565 1554 633 1598 non
657 1529 797 1597 multum
813 1519 991 1596 conferebat
1027 1517 1254 1593 hlebotomia.
1290 1522 1380 1590 Nam
1396 1544 1434 1588 ex
1450 1522 1513 1590 fine
1535 1543 1652 1589 oomnr.
1668 1528 1703 1588 in
1720 1520 1831 1591 histor.
1866 1549 1893 1592 ι.
1920 1521 1979 1596 lib.

393 1662 538 1736 “mm
572 1650 601 1712 3.
618 1626 719 1724 epid.
744 1628 783 1696 de
807 1627 964 1719 Pythione
1001 1627 1060 1691 cies
1083 1621 1232 1732 delirium
1256 1645 1322 1696 non
1348 1637 1414 1696 tarn
1439 1614 1535 1731 stqui¹
1548 1641 1587 1689 ex
1617 1621 1795 1698 humorum
1819 1630 1980 1717 quanrjra.

389 1757 443 1838 prr
463 1748 536 1818 vigs,
565 1744 742 1836 mquam
766 1728 940 1820 qualitates
963 1726 1064 1790 immo
1088 1739 1249 1814 quarnrtas
1272 1741 1309 1835 ex
1333 1713 1362 1786 st
1385 1742 1450 1786 non
1475 1719 1645 1797 delirium,
1669 1713 1718 1789 sed
1743 1744 1834 1794 coma
1859 1722 1990 1841 iissent..

393 1828 445 1882 lu's
461 1817 496 1889 ἁ
566 1825 708 1895 Curdarn
732 1819 867 1894 obortus
889 1822 984 1889 dolor
1007 1822 1046 1889 ad
1071 1816 1352 1914 hypochondrrum
1375 1818 1541 1887 dextrum.
1567 1812 1795 1888 Metuebamus
1809 1844 1847 1891 ne
1871 1817 1982 1893 ibrab.

392 1909 496 2049 ἔπ’
566 1918 674 2002 scellus
700 1927 807 1994 ficret.
832 1925 959 1992 omna
983 1938 1106 1988 tentata
1129 1911 1223 1984 sunt.
1249 1918 1330 1986 Non
1355 1920 1497 1994 interiit,
1521 1911 1571 1986 sed
1596 1919 1742 1987 humoris
1769 1917 1870 1989 nescio
1894 1946 1984 2009 curus

476 2014 487 2048 Ι

393 2072 499 2130 ‘th
566 2023 610 2188 aqil
623 2045 696 2090 crus
711 2026 744 2094 δι
771 2017 882 2091 tibiam
900 2046 925 2093 e
949 2025 1076 2112 regions
1099 2017 1233 2127 postiam
1254 2016 1453 2096 transsiiifflle
1477 2015 1710 2112 hypochondsli
1734 2019 1842 2087 dolore
1873 2023 1980 2097 levata

565 2141 583 2187 e
627 2169 635 2186 ,
1452 2168 1455 2175 .

387 2157 495 2296 {iim
613 2223 660 2289 Ex
675 2216 843 2290 doloribus
860 2222 964 2292 lateris
987 2218 1126 2288 maxima
1173 2237 1223 2284 ris
1247 2238 1266 2285 a
1290 2214 1473 2284 defluxione
1488 2237 1517 2283 a
1539 2220 1640 2313 capite
1658 2225 1788 2296 oritur.
1812 2219 1871 2289 Sed
1896 2222 1986 2290 dicat·

393 2319 451 2383 llus
468 2337 520 2397 pra
567 2324 657 2411 quis,
683 2320 908 2390 fifluxionum
926 2323 1026 2408 major
1048 2339 1119 2413 pars
1144 2240 1259 2407 higna
1283 2313 1346 2393 est,
1372 2315 1542 2410 quomodo
1566 2312 1792 2387 &ramsubno
1816 2326 1985 2388 oriturus,

394 2401 474 2499 ‘'f'‘
502 2405 534 2460 ’θ’
567 2417 767 2498 flammatio,
792 2425 826 2489 δι
842 2421 1053 2515 phlegmone?
1078 2440 1152 2484 nam
1172 2415 1374 2511 phlegmones
1394 2435 1509 2484 natura
1523 2409 1566 2484 eir
1581 2417 1682 2486 calida
1706 2422 1740 2486 δι
1755 2418 1905 2487 humida.
1941 2424 1979 2496 Et

395 2481 529 2581 ’.φφ
569 2515 672 2585 sshoe
688 2543 798 2588 verum
817 2517 880 2595 est,
905 2543 946 2586 an
964 2539 1049 2587 venae
1067 2509 1161 2590 seffio
1179 2512 1321 2586 conserti
1346 2515 1454 2581 Potius
1479 2517 1511 2580 in
1559 2522 1727 2607 urgatione
1746 2518 1980 2586 &anaeatharsr

391 2568 540 2713 ζ’ἰὲῗζῑ
569 2617 603 2680 &
616 2616 771 2704 anodynis
794 2613 1023 2681 confidendum
1048 2614 1225 2680 videretur.
1251 2613 1311 2682 sed
1343 2618 1377 2678 in
1411 2607 1472 2679 fuis
1504 2537 1592 2678 ligiis
1626 2612 1737 2707 palsrm
1772 2619 1984 2713 Hippocrates

395 2734 435 2788 ris
456 2743 516 2806 up,
566 2714 721 2783 maximos
744 2712 869 2779 dolores
893 2716 971 2779 oriri
995 2716 1041 2778 ait
1065 2704 1239 2788 aconfuso
1263 2711 1444 2807 phlegmate
1469 2703 1668 2788 &bilecunr
1684 2706 1853 2804 sanguine.
1880 2715 1982 2808 Qrod

398 2813 534 2886 radiis.
566 2807 648 2880 fin
670 2833 782 2881 nervos
807 2804 888 2878 solos
913 2810 1034 2879 humor
1054 2805 1187 2903 frigidus
1211 2811 1377 2901 incideret,
1404 2834 1468 2877 non
1493 2828 1560 2877 tam
1584 2812 1647 2878 cito
1672 2811 1711 2877 ad
1729 2809 1981 2908 phlebotomiam

568 2911 792 2979 recurrendum
806 2908 893 2979 silet:
918 2903 969 2978 sed
992 2932 1099 3003 quum
1123 2932 1182 3008 per
1203 2933 1299 2982 venas
1325 2908 1427 2979 fluxio
1443 2912 1499 2987 lit,
1523 2905 1611 2983 faede
1635 2896 1986 3010 datvtnhasro,phleg.t

462 2981 486 3056 f
528 3020 535 3029 “
567 3030 660 3077 morse
674 3058 689 3082 ,.
714 3010 773 3079 Sed
789 3010 983 3107 pleuritidon
1002 3013 1037 3083 δι
1052 3008 1204 3081 dolorum
1222 3010 1329 3078 lateris
1346 3028 1408 3078 tres
1426 3005 1486 3077 fere
1501 3010 1587 3076 ideas
1610 3016 1643 3075 in
1667 3005 1817 3103 operibus
1842 3018 1919 3081 artis
1926 3008 1988 3082 ob-

393 3146 526 3220 ΜΝ
567 3099 772 3179 servavimus:
800 3109 866 3183 Alii
882 3115 965 3177 enirn
989 3108 1111 3178 dolores
1128 3102 1199 3183 suunt
1217 3103 1262 3175 ob
1280 3108 1525 3200 phlegmoncm‚
1549 3106 1602 3174 aiii
1614 3099 1663 3168 ob
1676 3108 1921 3199 erysipelaroden
1933 3107 1988 3179 [af.

397 3229 499 3292 nms,
567 3203 754 3287 stelionem,
778 3230 816 3279 ut
838 3232 895 3277 nos
909 3212 943 3277 in
958 3207 1104 3279 Consiliis
1116 3205 1229 3273 nostris
1253 3199 1444 3298 scripsimus,
1475 3200 1532 3267 alii
1554 3194 1600 3269 ob
1622 3222 1744 3294 purum
1769 3208 1803 3271 δι
1828 3206 1993 3278 fincerurn·

396 3311 487 3370 dolon
565 3305 735 3375 humorem
752 3332 771 3377 a
788 3312 890 3403 eapite
907 3302 1081 3377 labentem.
1108 3305 1152 3371 Et·
1164 3321 1246 3374 tunc
1260 3324 1325 3369 non
1340 3318 1406 3368 tam
1422 3297 1466 3370 est
1482 3296 1643 3395 pleuritis,
1669 3321 1770 3391 quam
1794 3302 1900 3369 lateris
1926 3308 1993 3372 do„

396 3413 472 3453 vena
566 3406 635 3474 lor.
662 3408 710 3475 Ac
734 3402 796 3478 fere
820 3408 890 3476 ralis
913 3407 1006 3476 dolor
1029 3403 1293 3473 inflammationis
1316 3424 1381 3471 non
1407 3400 1452 3471 est
1475 3418 1597 3474 comes,
1622 3393 1672 3465 sed
1704 3416 1833 3469 tantum
1868 3424 1992 3495 conge,-

393 3479 539 3553 s‘“’⁸⁴''
568 3503 674 3574 ilionis
691 3509 856 3593 cujusdam
872 3508 1032 3585 humoris,
1057 3511 1093 3575 de
1117 3504 1316 3575 adhaesionis.
1343 3503 1448 3571 Immo
1471 3499 1613 3568 infinitos
1635 3498 1776 3568 vidimus
1808 3493 1989 3569 laborantes

566 3605 677 3676 dolore
694 3607 816 3680 lateris,
839 3599 885 3679 ob
899 3610 1027 3691 copiam
1042 3605 1228 3669 excrementi
1244 3609 1280 3670 in
1298 3602 1472 3692 pulmone,
1495 3600 1584 3677 cuius
1607 3617 1678 3689 pars
1699 3602 1830 3684 tenuior
1847 3603 1884 3667 ric
1904 3594 1988 3668 sero,

566 3700 629 3763 sior
651 3698 731 3764 dum
756 3702 797 3767 ad
815 3691 1013 3762 membranas
1029 3691 1194 3766 fisnditur,
1218 3694 1342 3759 dolores
1367 3696 1497 3758 excitat.
1516 3690 1574 3755 Sed
1585 3691 1675 3780 quod
1690 3692 1859 3786 diligenter
1872 3693 1989 3765 estob,

566 3789 753 3863 ietvandurn
763 3838 775 3872 ,
799 3797 901 3877 major
920 3786 964 3856 est
978 3810 1052 3883 pars
1066 3792 1101 3862 dv
1115 3788 1311 3882 pleuritidon
1327 3791 1361 3860 δι
1379 3788 1531 3856 dolorum
1548 3790 1656 3881 capitis
1681 3807 1750 3862 tum
1768 3817 1787 3863 a
1810 3795 1983 3887 congestio-

569 3913 609 3959 ne
623 3890 787 3980 cujusdam
800 3886 987 3959 excrementi
1004 3890 1042 3952 in
1061 3884 1249 3979 pulmonem
1266 3890 1299 3957 dc
1318 3884 1499 3966 thoracem,
1515 3904 1588 3956 tum
1606 3879 1651 3953 ob
1658 3887 1993 3979 recursnmrcnujone

570 3991 717 4062 humoris
730 4012 792 4087 -per
803 3979 986 4079 orgasmum
1001 4006 1020 4052 a
1036 4002 1144 4052 ventre
1165 3980 1333 4063 -infiriore,
1364 4008 1466 4077 quarn
1482 4008 1502 4053 a
1517 3990 1638 4083 eapite,
1663 3995 1697 4057 &
1721 3986 1870 4087 parribus
1893 3987 1991 4088 supe-.-

571 4082 729 4159 rioribus.
756 4088 857 4181 Quod
871 4084 1039 4176 diligenter
1058 4083 1260 4170 videndum,
1276 4090 1434 4177 quoniam
1453 4085 1596 4180 plerique
1611 4111 1677 4155 non
1692 4092 1811 4160 audent
1826 4113 1993 4187 purgares·

573 4180 741 4265 &solvere
756 4205 915 4253 ventrem.
944 4186 991 4249 At·
1007 4175 1044 4256 sa
1092 4182 1153 4249 hoc
1172 4181 1392 4278 piusconfert,
1415 4179 1767 4284 quam-phlebotomia.
1794 4194 1990 4261 Immotune

570 4280 701 4358 fredoni
720 4305 806 4356 vena
822 4284 911 4356 loeus
935 4304 1001 4347 non
1075 4332 1087 4353 .
1106 4282 1181 4351 Nisi
1206 4278 1286 4349 forte
1303 4277 1395 4350 semei
1420 4284 1544 4363 idfiat.
1573 4285 1670 4357 Unde
1683 4292 1717 4357 in
1725 4283 1875 4358 Consulis
1885 4312 1990 4359 uxore

570 4382 713 4450 dolorem
728 4383 831 4452 lateris
855 4375 992 4478 patiente
1006 4382 1176 4473 quinquies
1201 4373 1280 4455 secla
1297 4403 1403 4459 vena,
1428 4382 1528 4477 idque
1558 4380 1690 4457 frustra.
1727 4391 1840 4456 Hiems
1855 4408 1939 4456 erat:
1964 4412 1986 4457 a

503 4543 507 4550 ·
569 4479 1993 4677 interamnensis,alathenensis¹³:n

569 4681 662 4747 eisin
680 4678 805 4751 homin..
819 4673 877 4748 ubi
900 4669 1093 4771 disputat-de
1109 4680 1278 4775 pleuritide
1293 4679 1355 4750 sine
1370 4677 1481 4777 sputo.
1509 4678 1681 4749 Ell‘autem
1711 4677 1809 4756 dolor
1823 4678 1929 4750 lateris
1960 4708 1986 4760 a

572 4778 807 4871 congelatione,
831 4798 870 4846 ut
886 4779 969 4847 idern
983 4778 1053 4871 Hip
1131 4830 1139 4845 .
1159 4780 1301 4851 illoloeo
1323 4782 1476 4873 explicat,
1492 4784 1526 4846 δι
1542 4775 1679 4843 Calentes
1696 4776 1790 4845 Com.
1809 4780 1841 4846 in
1851 4786 1995 4866 tertium*

574 4870 858 4973 Aphorisrnorum.
887 4880 939 4946 An
956 4875 1051 4941 intali
1076 4898 1113 4943 us
1132 4895 1256 4946 aterum
1264 4869 1510 4948 doloribustuta
1518 4866 1721 4943 seliiovenae?
1747 4879 1993 4973 Nequaquam.t

532 4984 538 4991 '
574 4977 623 5052 sic
638 5000 704 5051 non
721 4992 934 5072 openetrum
950 4992 1018 5048 tam
1034 4976 1144 5045 multis
1159 4978 1419 5074 turpitererrare.
1446 4964 1843 5055 Incredibileenimdieim
1866 4986 1988 5145 prens

656 5110 659 5116 ·
754 5095 759 5102 ·
1818 5094 1937 5151 naras

1256 5386 1264 5425 l
