4534 5850
545 471 620 564 ηε
795 459 1710 539 ενιοεΜΙοΚυΜ“

491 619 517 649 ”
556 631 665 700 filiola
690 628 732 692 D.
760 619 896 691 Rieber,
922 621 961 683 &'
982 619 1024 681 D·
1044 606 1145 688 Rose,
1171 616 1207 680 &
1222 611 1360 693 loannes
1383 615 1531 684 Connart
1551 615 1639 687 sebrc
1664 622 1811 693 continua
1840 631 1911 721 pre·

344 683 484 782 Emsh
508 730 596 800 lrensr
609 720 682 790 sunt
698 743 770 785 cum
791 712 862 781 tulii
879 712 999 807 (quam
1013 714 1178 812 Quintam
1195 716 1349 798 vocarat.)
1373 714 1514 782 Comites
1538 712 1624 784 suere
1640 724 1676 788 &
1695 719 1804 799 tussis,
1826 722 1908 793 &se-

345 768 487 926 ml?
509 821 573 891 bris
596 820 636 887 ad
652 811 757 883 tabem
774 804 893 906 usquc.
920 811 1121 881 Incredibilia
1136 806 1265 879 metunt
1278 804 1485 911 symptomata
1505 862 1513 878 .
1539 815 1746 907 Colliquatio
1773 843 1855 918 pene
1873 824 1914 889 il·-

344 937 439 1002 tim,
454 929 488 985 de
507 923 553 989 los
577 916 736 1005 contigit,
760 917 853 998 juxta
873 910 908 979 id
931 911 1021 1004 quod
1046 909 1171 978 dicem
1187 907 1232 977 cst
1253 929 1343 988 ante,
1366 934 1479 1009 nempe
1499 911 1719 984 destillationes
1743 921 1861 990 calidas
1883 923 1916 989 be

344 1032 406 1087 9⁸⁴
509 1037 591 1087 acres
605 1015 858 1084 extenuationem
876 1017 999 1111 corpori
1016 1013 1142 1080 afferre.
1170 1010 1286 1079 Preter
1299 1003 1633 1112 spemyconvaluerunt
1651 1066 1658 1082 .

340 1090 435 1168 wal
559 1112 619 1184 lile
639 1113 795 1181 Latonius
810 1117 844 1180 in
862 1115 933 1180 vico
949 1111 987 1180 de
1005 1111 1037 1177 la
1054 1108 1246 1177 mortelletie
1269 1106 1458 1203 conquestus
1485 1109 1528 1178 est
1552 1114 1592 1181 de
1618 1114 1724 1184 dolore
1745 1118 1785 1184 ad
1798 1119 1917 1185 nothas

343 1192 487 1314 mgna
510 1213 626 1295 collas,
651 1236 718 1306 qua
735 1230 824 1310 parte
843 1211 963 1306 hepatis
976 1202 1113 1302 gibbum
1130 1210 1288 1300 contingit
1306 1260 1317 1275 .
1341 1204 1475 1279 Dicebat
1491 1205 1566 1280 scea
1585 1232 1672 1309 parte
1688 1219 1755 1285 vim
1771 1217 1917 1308 aliquam

342 1357 438 1480 2⁵22·
508 1312 734 1483 llil&
753 1305 1777 1481 ”lillilllilsi‘li’illiciislabilia?
1802 1316 1914 1484 Ἓῖῗ

364 1441 375 1477 ι
721 1461 759 1477 ..
1783 1464 1791 1479 .
1877 1439 1914 1480 rc

348 1519 426 1561 “m
511 1440 718 1600 {scochymus
737 1504 837 1577 sacius
855 1504 916 1575 est.
944 1511 985 1576 Et
1003 1500 1096 1574 nobis
1111 1504 1169 1573 ista
1184 1507 1383 1595 cacochyrnia
1401 1503 1552 1605 imposuit
1572 1560 1579 1574 .
1606 1513 1783 1581 Duodecies
1799 1535 1917 1607 purga-

341 1587 481 1682 aspera·
510 1632 565 1678 tus
584 1604 673 1676 sena.
701 1608 895 1699 Numquam
913 1607 978 1676 vidi
994 1606 1258 1675 medicamentum
1277 1608 1390 1675 melius
1406 1627 1484 1677 voto
1501 1604 1703 1706 respondere.
1728 1611 1819 1681 secta
1834 1634 1916 1680 vena

337 1680 487 1822 ’ἕψῃ
536 1713 590 1777 uin
615 1714 699 1776 uies.
727 1705 884 1774 Allevatio
901 1706 1029 1799 aliqua.
1056 1705 1180 1772 Tamen
1194 1703 1377 1795 designabat
1393 1706 1500 1774 locum
1516 1715 1580 1795 iam
1600 1707 1815 1806 praedidium.
1843 1713 1915 1800 Ego

341 1767 432 1892 (ἵε,
504 1732 680 1876 llndlbam
696 1824 733 1873 ut
749 1807 871 1902 apertio
888 1806 993 1882 lieret,
1017 1803 1109 1898 quod
1126 1822 1236 1871 tumor
1254 1800 1338 1874 foras
1352 1801 1554 1903 prominebat
1577 1859 1587 1874 .
1621 1809 1701 1877 aliis
1725 1803 1826 1878 visum
1849 1833 1913 1874 non

512 1906 576 1974 est„
599 1906 743 1975 Tandem
760 1906 793 1975 vi
808 1923 932 1974 natura
952 1923 1067 2001 neptus
1085 1895 1237 1971 abscessus
1245 1898 1406 2003 superiora
1415 1909 1546 2001 petivit.
1572 1911 1730 2001 Qinque
1748 1908 1851 2004 pelves
1870 1909 1917 1972 in-

512 2026 562 2073 tra
583 2008 714 2096 triginta
732 2003 795 2072 dies
812 2007 943 2073 materia
959 2003 1129 2101 purulenta
1147 2001 1292 2099 implevit
1312 2054 1319 2068 .
1353 2006 1474 2069 Foetens
1489 2023 1558 2070 erat
1582 2006 1702 2071 humor
1720 2054 1728 2069 .
1766 2007 1915 2098 Syncopa

511 2124 637 2194 graves.
665 2095 861 2170 Incredibilia
877 2097 950 2169 sunt
964 2125 1037 2195 qua
1056 2106 1275 2194 contigerunt.
1300 2100 1445 2169 Tandem
1461 2094 1563 2168 solum
1584 2105 1676 2170 vertit
1691 2149 1702 2180 ,
1717 2155 1720 2160 ,
1736 2106 1771 2168 &
1789 2122 1923 2195 penate-a.

511 2205 631 2303 patrios
653 2195 746 2272 visere
764 2201 890 2271 voluit.
918 2200 984 2269 Illic
1002 2195 1178 2270 tabefactus
1193 2193 1312 2269 obiitc'

343 2326 475 2390 cnem-
562 2300 620 2370 Iste
637 2301 880 2371 melancholicus
899 2297 1102 2392 D.Myronii
1119 2303 1260 2379 amicus,
1284 2301 1364 2370 dum
1383 2298 1422 2368 dc
1439 2295 1653 2396 phlebotomia
1669 2316 1833 2390 ageretur,
1845 2320 1922 2364 nar-

340 2407 487 2484 dumlape
512 2404 594 2471 ravit
611 2396 686 2469 sein
707 2395 864 2469 summam
880 2403 1001 2473 virium
1015 2395 1261 2469 imbecillitatem
1286 2398 1419 2469 incidisse
1443 2423 1461 2467 a
1486 2394 1730 2496 phlebotomia,
1761 2419 1828 2463 uno
1846 2415 1920 2462 ante·

344 2498 385 2569 ‘ss
407 2509 487 2590 “87⁰⁸
513 2524 599 2570 aiulo
614 2497 718 2577 facia,
741 2505 777 2568 &
799 2502 856 2570 vix
871 2503 957 2568 refici
970 2494 1123 2593 potuisse.
1150 2499 1222 2564 Nos
1242 2499 1444 2588 aliquantum
1467 2501 1500 2564 id
1527 2501 1661 2566 movit..
1691 2499 1855 2588 Ecquam
1871 2499 1915 2564 vi-

342 2583 382 2636 tis·
419 2567 483 2666 ’ψ
515 2600 658 2662 deremus
677 2595 839 2659 necessario
857 2617 970 2675 venam
987 2591 1213 2684 aperiandam,
1250 2596 1429 2683 aperuimus
1449 2641 1462 2657 .,
1493 2589 1649 2684 Religiose
1667 2587 1848 2684 sanguinent
1865 2595 1914 2659 de·

338 2663 373 2756 d?
394 2656 474 2732 sm*
508 2684 732 2758 trahebamus.
756 2685 919 2753 Nondum
937 2687 1032 2781 pleno·
1048 2680 1187 2750 secundo¹
1202 2680 1328 2752 vasculo
1347 2690 1444 2781 coepit
1465 2689 1673 2781 aliquantum
1694 2695 1858 2769 convelli,
1882 2697 1914 2757 &

342 2745 484 2885 Zffip’p.
512 2781 681 2857 videbatur
698 2786 890 2849 moriturus.
918 2785 1035 2872 Qrum
1051 2783 1126 2872 agri
1142 2803 1271 2874 narrant
1286 2779 1313 2852 se
1329 2778 1408 2852 Bene
1422 2805 1483 2853 aut
1496 2789 1578 2856 male
1595 2783 1712 2859 habere
1729 2814 1766 2859 ex
1784 2785 1911 2888 phlebo-

341 2901 455 2964 cuimc
506 2885 633 2958 tomiis,
657 2905 721 2949 non
745 2877 788 2947 est
801 2884 933 2949 omnino
948 2881 1023 2949 fides
1040 2880 1223 2974 deroganda
1242 2877 1373 2952 ‚Testis
1391 2881 1601 2958 Mareschalla
1618 2884 1756 2959 Dubcz.

344 2992 376 3044 tn
395 2995 485 3042 remc-
562 2982 668 3050 Uxori
684 2981 837 3051 [udovici
853 2979 975 3048 Michel·
987 2981 1080 3049 dolor
1095 2979 1300 3078 implacabilis
1319 2987 1399 3052 circa
1414 2987 1551 3064 collum,
1577 2994 1611 3056 &
1636 2995 1668 3053 in
1685 2991 1836 3081 occipite.
1865 2992 1914 3056 Et·
1939 2997 1943 3002 '

341 3069 401 3125 ω’
513 3088 578 3150 iam
596 3084 731 3150 minimo
750 3081 929 3175 digitorum
953 3080 1099 3179 appresso
1117 3131 1133 3157 „
1160 3082 1258 3150 dolor·
1273 3077 1416 3153 saeviebat
1436 3117 1447 3148 .’
1470 3085 1559 3153 Secia
1579 3093 1693 3152 arteria
1717 3089 1924 3180 temporalis,

342 3151 483 3296 φφ
506 3187 547 3252 be
565 3204 645 3254 vena
661 3185 793 3280 puppis.
822 3182 1028 3279 Applicatum
1045 3183 1128 3277 pani
1143 3179 1263 3249 dolenti
1278 3186 1455 3250 cauterium
1476 3232 1489 3247 ..
1523 3183 1648 3248 Melius·
1659 3182 1765 3247 multo
1781 3179 1916 3254 habuit.

350 3253 488 3392 abdeca.
559 3276 692 3353 Nobilis
706 3281 823 3349 mulier·
839 3281 968 3373 Dodper
983 3282 1082 3349 fluxu
1100 3273 1260 3372 sanguinis
1275 3272 1443 3349 laborabat
1453 3328 1466 3344 .,
1490 3281 1639 3373 Deliquia
1656 3280 1915 3347 arrimiaderant.

342 3386 485 3462 ccccmo.
511 3380 659 3451 Medicus
676 3383 863 3479 imprudens
884 3404 903 3449 a
929 3382 1113 3451 vacuatione
1138 3377 1203 3447 effe.
1249 3375 1367 3449 utabat
1381 3428 1395 3447 ..
1427 3378 1471 3444 At
1490 3374 1566 3447 salsa
1583 3396 1649 3446 erat
1676 3382 1922 3473 impraegnatio..

341 3488 383 3545 rii
397 3479 489 3560 capiti
511 3484 652 3574 Qroties
667 3501 791 3579 repente
812 3474 997 3550 mulieribus
1025 3479 1185 3547 effusiones
1211 3406 1371 3571 saynguinis
1396 3470 1540 3554 adsunt,
1572 3471 1720 3572 suspicari
1738 3495 1867 3572 oportet
1881 3479 1916 3544 dc

343 3570 445 3628 ἨΜ
511 3577 588 3649 falso
602 3601 776 3676 conceptu,
802 3603 902 3668 quem·
916 3598 1036 3651 natura
1051 3573 1221 3645 abbonet.
1248 3579 1286 3643 ld
1306 3579 1446 3644 Domina
1466 3577 1610 3645 Guerard
1637 3576 1776 3650 docuit,
1801 3576 1839 3644 de
1854 3598 1915 3668 qua

342 3646 470 3724 lff'ffi'
511 3697 582 3743 ante
596 3671 655 3743 lib.
677 3696 705 3736 1.
724 3679 757 3737 &
774 3670 922 3739 sexcenta*
935 3675 1022 3749 alia,
1047 3677 1081 3738 in
1096 3668 1219 3762 quibus
1233 3669 1344 3740 frustra
1365 3667 1548 3741 laboratum
1580 3671 1623 3740 est
1645 3677 1677 3740 in
1702 3671 1834 3743 sistendo
1849 3670 1915 3741 san·

347 3732 491 3872 ”zm
512 3775 625 3862 guine-
653 3772 763 3836 Donec
781 3772 866 3834 enim
885 3768 921 3833 id'
935 3770 1029 3861 quod
1038 3787 1153 3835 contra,
1165 3785 1317 3836 naturam
1331 3774 1532 3848 continetur,
1558 3791 1674 3840 natura
1694 3774 1922 3867 emoliaturip-

349 3894 483 3956 mutini·
513 3863 564 3945 sa,
587 3892 651 3936 non
666 3869 693 3934 is
707 3864 829 3935 sistitur·
843 3860 968 3959 sanguis
980 3916 994 3931 ..
1015 3869 1055 3934 Et
1072 3869 1183 3959 grumi
1198 3867 1295 3935 multi
1312 3863 1470 3962 sanguinis
1487 3891 1714 3939 excernuntur.
1743 3872 1914 3940 Annotavit

348 3981 400 4038 bus.
417 3971 490 4047 ,fal
514 3988 621 4036 autem
636 3970 869 4067 Hippocrates,
892 3966 1004 4035 melius
1018 3964 1074 4034 elie
1090 3957 1281 4058 grumosum
1295 3961 1482 4061 sanguinem·
1499 3971 1636 4047 effundi,
1662 3993 1764 4061 quam
1788 3973 1914 4038 omnino

338 4064 377 4140 sa
392 4064 490 4150 inere·
515 4068 674 4160 liquidum
693 4066 947 4135 acdillolutum.
975 4064 1036 4136 illa
1053 4089 1164 4159 agra,
1196 4068 1238 4135 de
1250 4091 1317 4160 qua
1337 4069 1387 4139 hic
1413 4073 1518 4161 agitur
1540 4116 1550 4148 ‚
1585 4071 1712 4137 tametsi
1734 4065 1919 4159 sanguinem

345 4155 492 4221 ΜΨ*
514 4159 745 4260 supprimentia
761 4166 835 4231 data
850 4163 962 4239 calent,
987 4183 1094 4231 tamen.
1107 4188 1171 4231 non
1188 4160 1305 4233 habuit
1322 4167 1433 4234 melius
1450 4216 1466 4245 ‚⁷
1493 4170 1591 4236 donec
1615 4168 1736 4237 excussa
1753 4163 1853 4238 fuisset
1871 4186 1923 4244 nes,

343 4230 429 4385 ἴς,
513 4267 552 4330 in·
566 4282 658 4330 utero
672 4277 836 4328 contenta.
864 4261 1001 4352 ld'quod
1015 4262 1211 4339 notandum,
1235 4266 1313 4355 quia
1329 4266 1379 4330 hic
1395 4269 1489 4334 errari
1508 4262 1609 4334 solet..

342 4331 434 4468 (ξω,
564 4360 686 4427 Mulier
703 4357 850 4451 quadarn
864 4358 975 4453 pilulis
990 4382 1030 4426 ex
1044 4362 1200 4426 mercurio
1224 4353 1279 4427 usa
1303 4357 1408 4430 suerat.
1428 4364 1468 4431 ad
1494 4367 1639 4461 reliquias
1656 4369 1721 4438 luis
1731 4356 1924 4460 propulsans·

348 4475 411 4536 tib.
431 4471 466 4530 dc
514 4461 594 4527 das..
617 4460 703 4527 Hinc
721 4450 927 4558 ptpalismus,
950 4461 984 4525 &
1009 4476 1120 4526 tantus
1138 4476 1210 4526 toto
1227 4482 1362 4557 corpote
1373 4462 1492 4544 ardor,
1517 4485 1559 4534 ut
1573 4487 1663 4535 metu
1683 4465 1791 4533 mortis
1809 4456 1917 4531 ob-in·

343 4562 431 4631 genic.
515 4560 721 4723 temperiem,
740 4550 916 4627 adsumme
942 4552 1156 4651 refrigerantia
1180 4562 1213 4628 ἃ
1240 4558 1454 4632 truncetama
1481 4560 1671 4633 concursum·
1686 4561 1813 4633 tunic.
1842 4562 1923 4630 lndc·

349 4662 403 4702 Μ
416 4663 470 4703 ⁹²⁴·
514 4681 570 4724 cru
599 4652 780 4728 auniverso
794 4662 924 4756 corpori
943 4657 1074 4727 inducta
1095 4656 1170 4735 est,
1206 4682 1280 4827 qipa
1298 4657 1366 4758 ipsa
1384 4670 1533 4755 integra,
1568 4687 1686 4756 magna
1699 4668 1850 4732 omnium
1864 4660 1918 4731 ad·

347 4745 415 4787 lura

345 4816 441 4887 md·
515 4758 701 4833 minam,
723 4750 829 4824 ablata
847 4754 913 4825 est..
934 4758 1074 4848 Tergora
1095 4758 1194 4825 veluti

1259 4783 1315 4826 um
1341 4763 1483 4855 imposita
1509 4760 1564 4828 esse
1588 4758 1810 4831 videbantur..
1831 4762 1923 4830 Adeo.

513 4874 632 4953 pamm
646 4849 719 4924 usus
741 4872 835 4922 tutus
846 4854 1018 4949 pilularum
1034 4857 1071 4922 de
1088 4875 1218 4949 argemo
1243 4860 1318 4925 vivo
1338 4905 1349 4933 ,
1380 4880 1461 4950 quas
1481 4877 1586 4927 tamen
1604 4856 1647 4929 ab
1664 4864 1754 4931 omni
1770 4857 1928 4931 ventilare.

512 4973 651 5055 acceptas
669 4950 797 5026 strunt.

1751 5057 1868 5124 Ptocu*
