4534 5850
505 463 1677 556 sternanturnurrstinnr.-157

306 627 360 713 -p'u
376 629 504 725 pituita
521 627 636 724 putris,
660 628 694 692 δι
708 615 962 717 semipurulentae
978 640 1052 709 qua·
1069 617 1236 687 exitutlitur
1290 610 1382 688 'Nam
1398 619 1420 685 sr
1437 616 1508 687 ellet
1533 610 1598 686 sola·
1614 615 1739 688 'serina

307 715 479 794 ddiiilario
494 719 584 797 ¹causs
602 724 683 792 illius
699 717 787 788 tuliis
801 715 1023 815 permolesta,
1053 736 1127 810 quae
1151 718 1251 810 vulgo
1278 719 1409 818 Quintae
1424 718 1568 792 dicitur,
1594 741 1661 783 non
1678 737 1718 786 ea
1792 731 1826 810 3}

307 825 403 918 copia
421 817 603 893 incredibilis
617 821 755 891 materiei
770 817 1007 887 excluderetur.
1032 816 1250 909 Quamquam
1264 841 1330 884 non
1344 836 1425 908 nego
1440 837 1460 884 a
1476 818 1578 912 eapite
1588 812 1715 907 aliquid

308 920 448 991 defluere
461 921 548 1016 quod
565 921 682 989 irritet.
709 917 802 1010 Quid
816 921 902 986 enim
918 912 1075 1010 impedit,
1098 915 1273 1005 quominus
1292 936 1330 981 eo
1352 915 1449 982 modo
1468 908 1627 983 schahar
1642 934 1713 981 ma-

308 1023 384 1088 teria
397 1021 429 1087 in
443 1019 593 1116 pulmone
608 1015 765 1094 collcfia,
789 1037 858 1108 quo
873 1019 907 1084 δι
924 1035 960 1083 ea
974 1016 1115 1083 materies
1129 1036 1204 1107 qua
1230 1018 1266 1080 in
1291 1031 1398 1083 ventre
1414 1009 1481 1081 est?
1514 1015 1560 1083 Ac
1578 1036 1652 1107 qua
1669 1010 1714 1080 est

304 1118 338 1187 in
355 1137 479 1194 mitre,
504 1137 602 1216 prout
621 1135 772 1186 movetur
786 1114 983 1207 alliquarrdo,
1005 1117 1054 1182 ira
1071 1115 1208 1182 tormina
1228 1117 1263 1183 δι
1281 1109 1468 1210 Ριιηᾶἰοηες
1493 1113 1556 1182 alvi
1578 1119 1713 1189 excitat,

302 1210 526 1306 dysenteriam,
550 1217 764 1295 diarrhoeam,
788 1212 1028 1283 exulcerationes
1041 1211 1138 1286 leves:
1164 1215 1212 1282 Ita
1228 1233 1362 1306 quoquc
1375 1213 1407 1276 in
1420 1209 1572 1307 pulmone
1588 1215 1711 1288 irritat,

305 1319 419 1410 pungit
436 1316 516 1385 dum
534 1332 700 1391 movetur,
725 1317 759 1380 δι
780 1305 972 1382 cullieulosos
989 1312 1131 1382 homines
1146 1311 1275 1388 reddit,
1300 1309 1497 1379 tuises'veras
1517 1313 1653 1386 excitat,
1677 1313 1714 1378 δι

302 1415 390 1483 istane
407 1413 555 1495 tuffiendi
571 1414 754 1483 desiderium
774 1461 783 1480 .
816 1415 1024 1511 Quapropter
1046 1431 1152 1482 errant
1177 1416 1235 1506 qui
1248 1411 1288 1478 ad
1303 1424 1400 1508 eaput
1415 1405 1504 1477 tuffis
1522 1411 1714 1479 occasionem

299 1508 460 1582 ulerunt.
486 1510 550 1584 Vel
565 1517 672 1612 potius
688 1514 728 1583 ad
745 1512 779 1580 id
795 1508 968 1593 reseretur,
991 1513 1083 1606 quod
1107 1538 1212 1607 quum
1226 1512 1397 1589 dormienti
1411 1507 1575 1578 destillatio
1589 1514 1621 1579 in
1637 1506 1712 1602 pul-

303 1633 431 1681 monem
451 1609 535 1682 faeta
550 1611 594 1681 est
606 1661 618 1693 ,
651 1635 773 1683 moram
803 1611 946 1703 aliquam
973 1610 1101 1680 trahens
1122 1616 1328 1682 acrimoniam
1353 1615 1504 1699 majorem
1528 1608 1711 1704 acquisivit.

301 1711 429 1779 Deinde
445 1734 483 1780 eo
499 1713 598 1786 modo
625 1736 694 1805 quo
718 1713 871 1778 excitatur
897 1713 931 1777 in
959 1704 1087 1779 cerebro
1106 1710 1414 1786 sternutamentum,
1449 1714 1581 1777 materia
1599 1706 1655 1776 ilia
1676 1710 1712 1774 in'

255 1890 259 1906 Ι
302 1808 460 1904 pulmone
477 1810 718 1886 tumultuatur,
742 1827 889 1879 movetur
905 1830 951 1874 ac
976 1811 1143 1900 agitatur,
1175 1810 1261 1877 unde
1289 1802 1421 1874 facultas
1443 1808 1539 1900 partis
1565 1807 1711 1880 irritata,

300 1904 410 1974 ruffini
426 1904 516 1974 illam
532 1926 714 2002 promovet.
741 1906 892 1977 Ceterum
910 1907 999 1998 quod
1015 1909 1155 1977 irritetur
1178 1897 1378 1992 ρ’ώματισμδς
1402 1903 1518 1996 aliquis
1533 1904 1566 1968 in
1580 1905 1714 2000 pulmo·

300 2024 372 2069 nem
395 2004 524 2073 aliunde
537 2028 637 2098 quam
657 2028 675 2075 a
692 2007 815 2104 capite,
838 2003 977 2073 declarat
993 2008 1102 2098 ingens
1126 2008 1217 2103 copia
1242 2005 1404 2082 materici,
1437 2025 1511 2095 qua:
1537 2008 1713 2074 excernitur

299 2102 332 2169 in
348 2095 524 2199 supputato
548 2126 568 2172 a
592 2098 664 2174 castr
686 2155 695 2173 .
732 2105 796 2173 Vix
816 2108 901 2172 enim
918 2104 1025 2173 credat
1041 2106 1182 2201 aliquis,
1215 2123 1337 2196 quanta
1362 2103 1446 2171 illius
1461 2106 1598 2172 materiei
1618 2106 1710 2199 copia

299 2220 487 2281 evacuetur,
512 2225 614 2294 quarn
637 2227 701 2271 non
720 2200 764 2271 est
782 2196 928 2273 credibile
942 2228 961 2273 a
977 2208 1079 2301 capite
1095 2226 1245 2283 manare,
1271 2210 1305 2274 &
1331 2220 1398 2271 tam
1416 2203 1479 2268 cito
1503 2196 1710 2279 serasera,

297 2291 351 2371 sed
369 2299 437 2367 aliis
454 2321 471 2366 e
490 2296 636 2394 partibus
652 2303 694 2368 ad
708 2300 882 2370 thoracleas
898 2323 1000 2397 partes
1015 2302 1144 2373 alduit.
1170 2292 1272 2372 Porro
1285 2291 1464 2370 incredibile
1482 2294 1574 2364 dictu
1592 2344 1603 2376 ,
1629 2320 1712 2388 qua-

298 2395 343 2464 les
360 2399 395 2465 &
412 2415 542 2490 quanta
557 2393 674 2467 luerint
689 2391 806 2478 febres,
831 2421 906 2493 quac
928 2393 1044 2472 adorsa
1059 2403 1117 2469 sint
1134 2422 1186 2469 cos
1203 2448 1213 2479 ,
1237 2422 1318 2494 quos
1339 2398 1391 2464 illa
1405 2392 1493 2464 tuffis
1509 2394 1609 2487 vulgo
1624 2394 1711 2464 diela

252 2512 254 2522 ¹
298 2497 430 2592 Quinta
449 2497 620 2567 divexarit:
644 2520 774 2591 graves,
799 2498 1013 2579 vehementes,
1038 2501 1223 2569 inordinata
1240 2504 1275 2568 δι
1293 2489 1424 2568 anxiosae
1439 2489 1587 2561 fixerunt.
1614 2497 1654 2562 Et
1674 2493 1712 2561 li-

298 2611 346 2660 cet
361 2592 453 2666 alvus
473 2594 574 2673 fluat,
600 2597 654 2667 vix
670 2600 886 2690 mitigantur,
921 2601 1023 2667 immo
1038 2600 1078 2668 ad
1099 2599 1273 2692 quamdam
1292 2598 1423 2666 maciem
1443 2596 1477 2660 &
1491 2585 1596 2661 tabem
1611 2613 1710 2684 agros

300 2691 440 2759 ducunt.
468 2693 657 2788 Mirumque
675 2693 745 2777 cst,
777 2696 868 2790 quod
896 2699 1001 2792 pueris
1026 2699 1136 2767 multis
1156 2699 1212 2792 qui
1235 2694 1340 2767 ferinis
1354 2691 1418 2762 illis
1446 2686 1713 2762 destillationibus

299 2782 372 2857 lunt
387 2789 587 2869 condidati,
610 2789 654 2861 ab
671 2792 734 2860 istis
748 2795 973 2866 intereundum
990 2789 1076 2875 fuit,
1101 2801 1136 2866 &
1155 2800 1193 2864 iis
1208 2789 1349 2867 exclusus
1365 2789 1409 2861 est
1425 2792 1524 2888 paulo
1535 2811 1608 2863 ante
1625 2815 1713 2860 mor·
1741 2791 1743 2796 ’

299 2907 387 2964 tem,
411 2905 469 2957 aut
483 2887 552 2987 post
568 2891 687 2961 humor
704 2887 776 2962 visu
794 2887 957 2971 terribilis,
980 2916 1017 2964 ac
1033 2896 1057 2964 fi
1073 2890 1225 2966 abscessus
1240 2900 1272 2964 in
1291 2884 1418 2964 cerebro
1433 2888 1550 2963 fuisset.
1579 2891 1643 2962 Alii
1662 2894 1712 2959 in·
1864 2885 1867 2892 ’

298 2986 405 3055 reriere
419 3011 494 3056 cum
510 2983 635 3059 summa
653 2989 843 3062 difficultate
859 2983 1014 3088 spirandi,
1038 3016 1073 3063 ea
1096 3015 1137 3063 ue
1156 2989 1288 3064 terribili
1306 2998 1339 3062 &
1356 2985 1593 3061 immedicabili.
1610 2994 1712 3089 Qae-
1732 3033 1845 3087 cmm„

296 3104 345 3156 rct
361 3089 434 3179 quis
455 3134 466 3164 ,
502 3110 543 3157 an
562 3089 723 3185 pulmonis
748 3115 836 3163 venae
862 3092 988 3188 poliunt
1004 3091 1060 3161 elle
1129 3115 1167 3162 us
1190 3140 1200 3171 ,
1232 3096 1266 3160 &
1300 3091 1559 3183 conceptaculum
1574 3082 1709 3159 febrium
1731 3115 1770 3170 ,a
1794 3114 1871 3183 pm.

298 3183 427 3253 illarum
442 3190 667 3258 continuarum
683 3188 906 3262 essentialium?
932 3183 1066 3260 Possunt
1080 3184 1160 3271 esse,
1185 3191 1208 3258 fi
1226 3191 1347 3258 credere
1362 3183 1406 3254 est
1421 3187 1571 3263 Galeno,
1594 3208 1708 3253 comm.
1731 3207 1782 3267 73.
1794 3235 1797 3240 -
1807 3191 1865 3261 p.-

298 3287 328 3349 in
347 3277 467 3353 librum
484 3287 578 3382 Epid.
599 3292 770 3382 primum..
798 3292 898 3359 Porro
913 3313 1018 3360 unum
1037 3291 1286 3369 annotandum,
1310 3286 1400 3383 quod
1415 3278 1652 3356 observavimus
1677 3292 1710 3354 in
1732 3274 1830 3373 ‘lim'
1841 3283 1870 3328 ²·

296 3375 447 3465 eiusnodi
462 3376 599 3459 morbis,
623 3384 718 3462 idest,
742 3394 776 3457 δι
791 3382 875 3455 febre
893 3386 1032 3464 allidua,
1056 3392 1091 3455 δι
1115 3388 1188 3456 tulli
1206 3385 1350 3463 molesta,
1372 3408 1446 3476 quae
1472 3388 1598 3484 Quinta
1615 3408 1710 3456 voce·
1730 3357 1825 3498 ἐκ·
1834 3432 1860 3489 p,-
1887 3453 1889 3455 ,

295 3494 365 3547 tur:
390 3500 505 3576 corpus
521 3477 717 3561 intumescit,
742 3482 855 3551 deinde
870 3483 962 3553 valde
977 3500 1193 3551 extenuatur.
1229 3482 1329 3578 Qod
1351 3499 1458 3546 autem
1486 3502 1606 3575 corpus,
1626 3484 1750 3579 intu-2
1859 3475 1871 3497 ⁰

306 3570 441 3654 mescat,
467 3580 502 3647 de
527 3578 699 3648 colorarius
713 3581 863 3650 reddatur
879 3583 911 3649 in
928 3575 1159 3673 liquationibus
1175 3578 1258 3658 illis,
1283 3572 1495 3649 &inionibus
1509 3578 1714 3676 pituitae,do-
1732 3562 1841 3661 cm,

293 3694 348 3744 eet
365 3678 576 3773 Hippocrates
588 3670 642 3746 lib.
661 3679 701 3748 de
718 3675 857 3763 morbis,
882 3686 917 3751 δι
941 3702 999 3748 cur
1015 3681 1047 3747 id
1068 3682 1153 3758 fiat,
1177 3680 1270 3749 docet
1289 3730 1296 3746 .
1325 3681 1406 3747 ltem
1425 3676 1515 3771 quod
1528 3685 1711 3747 extenuatio
1731 3685 1859 3761 destilla-

296 3772 399 3870 postca
419 3778 602 3867 contingat,
625 3778 710 3846 idem
727 3781 868 3851 Galenus
884 3781 978 3848 docet
999 3782 1031 3847 in
1053 3780 1243 3874 Epidemiis,
1268 3778 1350 3848 dum
1364 3778 1524 3873 explicat,
1549 3800 1608 3847 cur
1620 3776 1709 3848 Tha-
1731 3767 1821 3829 ¹⁵⁰⁸ss

295 3874 328 3940 lii
346 3869 503 3941 tullientts
527 3879 725 3946 &catarrho
742 3883 827 3957 acri,
851 3874 951 3949 lerino
970 3884 1005 3949 δι
1029 3880 1173 3970 maligno
1197 3878 1236 3948 ad
1261 3900 1431 3948 extremam
1456 3878 1709 3947 extenuationem
1730 3870 1870 3993 ‘J'm‘’

295 3971 547 4040 adducerentur.
571 3972 675 4043 Locus
697 3975 740 4046 est
756 3978 850 4047 valde
866 3979 1044 4056 notandus,
1069 3983 1102 4047 δι
1119 3980 1285 4070 diligenter
1302 3977 1470 4069 legendus.
1498 3978 1709 4070 Qamquam
1728 3953 1833 4078 {0an

294 4090 406 4138 tumor
430 4074 465 4140 dt
480 4070 615 4141 elevatio
632 4067 684 4143 seu
700 4071 874 4146 insufflatio
891 4081 971 4147 cutis
996 4075 1098 4173 potest
1121 4078 1298 4147 antecedere
1322 4081 1577 4145 extenuationem
1597 4099 1607 4151 3
1631 4079 1709 4168 quia
1729 4037 1868 4175 ,fflmn

292 4172 545 4240 extenuationem
564 4176 599 4241 ἃ
616 4176 863 4246 contradiionem
887 4179 986 4255 eutis,
1010 4178 1124 4246 laxitas
1148 4178 1240 4275 ipsius
1266 4176 1411 4273 praeedit
1430 4176 1636 4269 Hippocrati.
1728 4184 1865 4245 calnam.

343 4267 402 4338 lllc
416 4263 520 4339 servus
537 4273 579 4339 D.
595 4272 634 4341 de
651 4274 822 4355 Villcmor,
848 4276 944 4370 Regii
966 4279 1000 4344 in
1024 4299 1149 4347 camera
1171 4293 1398 4371 computorum
1421 4271 1586 4364 magistri,
1621 4298 1709 4345 ccm-
1730 4268 1768 4321 Ἀ
1784 4279 1863 4342 pan.

296 4362 530 4439 memorabilem
546 4363 593 4437 sui
610 4367 771 4452 hilloriam
786 4377 931 4470 reliquit.
958 4378 1005 4445 Ex
1019 4399 1116 4445 curru
1136 4376 1267 4451 decidit,
1291 4368 1378 4443 lasus
1401 4370 1447 4440 est
1458 4372 1604 4448 thorace,
1630 4397 1710 4469 prac-
1730 4346 1779 4487 ²⁸2
1790 4348 1865 4486 blm·

296 4460 402 4536 scrtim
420 4468 530 4537 dextra
544 4470 577 4536 in
596 4487 700 4565 parte.
727 4473 860 4542 Dolores
884 4474 1028 4543 remediis
1051 4499 1116 4543 non
1134 4472 1303 4544 cesserunt.
1330 4462 1529 4563 Cogitabant
1542 4472 1583 4541 de
1599 4467 1709 4539 sessio·
1731 4447 1814 4589 {pp}
1838 4444 1866 4487 ¹⁶

295 4586 337 4632 ne
359 4568 441 4635 inter
460 4569 609 4659 quintam
640 4573 674 4638 δι
699 4563 816 4639 stxtam
842 4570 989 4641 collam.
1025 4567 1145 4645 Divisa
1172 4567 1243 4642 sunt
1266 4566 1448 4640 sententia.
1483 4568 1626 4638 Tandem
1661 4569 1709 4639 vi·
1727 4595 1813 4651 &aa
1832 4592 1865 4651 ε.

292 4666 339 4732 cit
365 4684 437 4758 pars
469 4668 573 4736 minor
591 4671 626 4737 δι
653 4669 848 4767 periclitandi
865 4668 1056 4738 occasionem
1071 4692 1201 4770 captant
1226 4694 1263 4739 ex
1283 4662 1450 4764 desperatis
1473 4687 1554 4761 pene
1579 4659 1672 4743 rebus
1698 4720 1706 4736 .
1731 4678 1846 4749 empye·
1948 4750 1952 4756 .

296 4757 505 4857 Applicatum
519 4771 709 4838 cauterium.
738 4770 844 4838 Fluxit
862 4790 917 4866 per
940 4767 1005 4836 dies
1029 4768 1103 4866 plus
1128 4774 1234 4837 miuus
1258 4770 1372 4857 viginti
1399 4782 1456 4834 aut
1483 4766 1595 4856 viginti
1611 4772 1708 4857 Ψη-
1724 4756 1865 4916 gum·

1723 4920 1799 4993 rust
1816 4937 1866 4997 pe·

289 4882 360 4954 quc
380 4862 513 4930 nuceria
532 4857 649 4937 finiosa
661 4864 724 4939 sere
740 4869 780 4940 ad
799 4872 901 4967 pintas
924 4867 1134 4962 quindecim,
1159 4886 1198 4938 ut
1216 4866 1394 4937 retulerunt
1418 4861 1590 4952 Chirurgi.
1617 4862 1708 4929 Con-

296 4960 414 5031 valuit.
1437 5029 1442 5036 -
1685 5001 1862 5060 ‘retitui-

1545 5049 1657 5119 Frlrola
1725 5080 1785 5140 34,
