4534 5850
504 442 1516 530 ETEPHEME'RIDUM,L1B.1.
1656 463 1672 528 3

303 570 1725 856 CONSTITUTlO

543 875 1479 1003 nurununrffi

752 1144 867 1237 Anni
896 1142 1069 1240 Domini
1114 1173 1262 1267 1570.

306 1374 574 1557 ANNUS
605 1381 856 1480 Septuagcstmus
876 1376 972 1480 supra
1003 1375 1303 1479 sestlumfflestmum
1332 1369 1501 1447 nebulosus
1528 1402 1563 1451 ac
1597 1377 1728 1480 pluvius
1822 1430 1845 1466 „

434 1478 497 1554 luit
530 1477 630 1553 πολύς
654 1484 806 1558 ordior,
831 1479 951 1553 excellit
974 1497 1046 1553 toto
1069 1474 1203 1553 decursu
1225 1481 1259 1551 in
1289 1477 1393 1550 calido
1419 1478 1619 1578 humidoque
1649 1484 1727 1554 calo
1774 1487 1896 1583 siccitas

303 1604 341 1653 ac
366 1576 560 1653 suffocante.
586 1586 672 1681 Qtae
687 1602 726 1652 ut
750 1583 877 1675 longior
901 1580 1123 1682 suittemporis
1145 1579 1348 1659 constitutio,
1371 1583 1416 1651 ita
1431 1583 1493 1652 alia
1508 1579 1568 1653 fuit
1593 1602 1729 1662 natura,
1759 1577 1824 1658 ‘⁸⁶5⁸
1842 1588 1897 1626 Μ·

390 1684 394 1693 .
414 1684 419 1694 .
803 1686 809 1697 .
827 1685 833 1696 .
1205 1686 1210 1695 .
1256 1683 1261 1694 ·
1757 1645 1850 1707 bissus

302 1681 506 1775 conditioque
521 1676 730 1764 morborum,
754 1706 813 1776 qur
826 1706 858 1750 rn
882 1682 1188 1780 hanctctttpellatcm
1203 1681 1399 1759 inciderunt,
1423 1705 1524 1773 quam
1547 1706 1652 1775 quum
1669 1706 1729 1751 na-
1753 1721 1823 1795 sm„

302 1783 404 1848 tivam
421 1773 510 1848 suam
522 1785 707 1877 temperiem
731 1776 907 1852 conservat.
935 1785 1150 1875 Qamquam
1177 1780 1296 1849 siccitas
1317 1774 1381 1877 ipsa
1406 1774 1526 1848 morbis
1544 1804 1645 1852 vacua
1663 1807 1728 1850 non
1757 1759 1868 1873 crios,

300 1877 349 1948 est
373 1894 411 1944 ut
436 1880 649 1976 Hippocrates
673 1876 925 1949 demonstravit:
961 1880 1096 1949 mediam
1120 1882 1155 1948 in
1180 1876 1334 1949 AEstatem
1363 1870 1500 1951 febrium
1524 1883 1727 1978 putridorum
1758 1880 1856 1938 mortis

300 1979 373 2053 ilias
388 1975 512 2059 incidit,
536 2000 687 2070 magnam
719 1975 966 2072 artemduplices
979 1981 1139 2057 tertiana,
1162 1980 1339 2054 continue,
1346 1996 1471 2076 putres.
1498 1972 1626 2076 Vesperi
1654 2003 1727 2051 exa·
1757 1978 1854 2020 '‘m‘'

299 2069 512 2157 cerbationcs,
527 2100 592 2145 nort
607 2003 755 2146 molesia
768 2077 879 2174 plena,
903 2077 996 2145 dolor
1009 2081 1116 2175 capitis
1128 2071 1335 2175 implacabilis
1358 2100 1468 2148 omnes
1488 2074 1692 2150 adoriebatur
1715 2129 1727 2160 ,
1756 2059 1807 2180 κζ
1840 2060 1896 2096 '²⁴'

300 2167 491 2255 lumborum
512 2176 624 2255 dolor,
647 2175 791 2265 jactam,
815 2177 1027 2269 inquietudo:
1054 2171 1227 2248 serosorum
1240 2177 1418 2247 humorum
1438 2200 1475 2246 ac
1500 2175 1726 2275 pituitosotunr
1816 2162 1826 2181 ⁶

301 2277 440 2353 maxitne
455 2293 627 2372 proventus
642 2295 696 2371 pet
720 2272 832 2344 aestum
847 2275 1058 2355 incaluerant,
1083 2282 1117 2348 &
1134 2277 1248 2346 nothas
1270 2279 1419 2346 tertianas
1439 2276 1639 2346 intulerant.
1666 2282 1728 2347 Eos

300 2366 500 2452 itrvadebant
512 2372 727 2471 potilhmuru,
751 2376 810 2467 qui
834 2367 1031 2452 melonibus,
1055 2378 1090 2446 &
1115 2367 1268 2443 similibus
1285 2375 1453 2442 immodice
1478 2392 1668 2454 uterentur,
1693 2382 1729 2453 ἀ

301 2467 426 2569 quibus
441 2493 590 2571 praeterea
613 2468 776 2543 familiaris
795 2475 960 2552 vomitus,
992 2479 1027 2544 &
1048 2473 1210 2544 diarrhoea
1232 2471 1369 2543 adesset.
1396 2472 1507 2542 Paucis
1526 2495 1732 2574 pepercerunt

301 2576 363 2667 qui
376 2574 514 2645 molliter
534 2567 754 2653 vescerentur,
784 2565 906 2668 quibus
926 2569 1065 2647 solemia
1085 2575 1220 2646 runcdio
1244 2589 1371 2647 mature
1395 2565 1571 2651 adhibita,
1594 2600 1660 2645 non
1684 2579 1731 2646 ita

303 2673 361 2742 diu
377 2678 489 2744 tentati
514 2669 605 2757 sunt,
631 2676 700 2771 Qri
716 2669 799 2744 secus
811 2669 947 2745 fecerant
961 2673 1019 2746 diu
1033 2666 1247 2747 laborarunt:
1273 2673 1388 2746 Multis
1402 2673 1444 2742 ad
1468 2672 1644 2774 hydropem
1658 2698 1731 2747 ver-

302 2767 357 2856 sus
360 2770 423 2942 l{pst
436 2769 587 2858 morbus,
612 2769 819 2872 prasertimsr
843 2775 1015 2849 cathartica
1038 2769 1295 2858 abhorruisset,
1320 2779 1355 2846 &
1375 2796 1496 2868 aquam
1519 2779 1643 2873 egregie
1668 2800 1728 2875 po-

301 2873 369 2946 tav·
393 2892 462 2943 ent.

355 2970 529 3045 Autumno
549 2977 676 3048 ineunte
687 2974 877 3075 postliminio
898 2978 1031 3050 redeunt
1054 2971 1183 3060 morbi,
1207 2978 1267 3073 qui
1292 2973 1402 3073 paullo
1425 2990 1499 3047 ante
1521 2976 1662 3047 inducias
1685 2971 1730 3046 se-

302 3088 412 3141 terant
435 3070 644 3159 reviviscunt,
667 3101 703 3148 ac
723 3077 936 3176 repullulant,
960 3081 1060 3149 immo
1085 3079 1341 3178 periculofiores.
1367 3076 1459 3148 Nam
1481 3076 1621 3145 Galenus
1643 3075 1731 3145 vide·

301 3168 490 3244 tutasserere
499 3174 623 3247 Vere&
637 3174 762 3247 AEstate
774 3172 901 3247 morbos
908 3182 982 3249 oriri
991 3182 1097 3276 potius
1105 3170 1150 3250 ob
1156 3176 1386 3278 plenitudinem
1394 3175 1570 3269 quamdam
1577 3196 1678 3268 quam
1685 3167 1731 3243 ob
1773 3177 1902 3231 Autom-

303 3271 481 3339 κακοήθειαν
497 3322 508 3343 .
543 3276 603 3345 Sed
618 3278 780 3358 Autumni
792 3295 934 3373 tempore
955 3281 1055 3369 magis
1069 3283 1155 3371 viget
1179 3277 1318 3372 qualitas
1333 3298 1435 3368 quam
1450 3277 1731 3369 quantitas&ma-
1758 3268 1792 3308 '¹⁰
1816 3246 1900 3325 gns·

302 3370 337 3440 lo
350 3371 480 3462 ingenio
494 3373 646 3469 preditus
665 3375 800 3443 humor.
826 3376 946 3442 Multis
960 3369 1087 3445 sudores
1107 3378 1216 3471 primis
1238 3368 1348 3448 diebus
1369 3393 1482 3465 parum
1514 3373 1651 3441 levantes
1674 3394 1731 3439 noe
1751 3329 1902 3479 Ῑῇζζῗυ

300 3459 463 3538 morbum
476 3471 638 3533 ullatenus
652 3466 827 3535 solventes,
851 3473 910 3550 qui
927 3464 1108 3529 discubuere
1131 3472 1171 3528 de
1195 3464 1263 3528 solo
1292 3470 1393 3553 capite
1423 3460 1698 3551 conquerebantur
1721 3509 1732 3541 ,
1761 3482 1899 3542 lomenti

300 3565 414 3638 ceteris
427 3553 703 3658 partibusillaests.
732 3557 874 3647 Virgines
887 3550 958 3626 visae
982 3550 1057 3626 sunt
1074 3552 1186 3637 febre,
1210 3578 1312 3650 quam
1333 3555 1517 3636 miratoooia
1550 3577 1644 3630 vocat
1667 3562 1733 3629 Ga.
1761 3556 1867 3653 iperii!

303 3663 414 3743 lenus,
438 3658 606 3760 prehendi,
630 3650 718 3751 quas'
734 3655 946 3751 inappetcntia
969 3660 1113 3753 potusin
1145 3650 1272 3726 summo
1296 3652 1372 3727 astu
1398 3674 1577 3754 premeret.
1605 3661 1733 3755 Qtam·
1758 3652 1883 3697 ‘'m“

304 3761 503 3832 dam-stmilis
522 3752 616 3828 febris
630 3749 815 3831 infestabat,
839 3758 874 3825 δι
893 3754 1023 3827 meridie
1045 3750 1313 3838 exacerbationes,
1337 3749 1467 3854 septima
1491 3751 1665 3857 vespertina
1677 3756 1733 3830 fri·
1758 3734 1880 3865 ,53:332

304 3859 375 3954 gidi
389 3852 534 3938 sudores,
557 3861 638 3929 circa
652 3850 775 3926 sextum
795 3854 879 3923 diem
901 3853 988 3939 κάρος
1019 3880 1075 3954 per
1097 3855 1334 3954 protopathiam
1362 3860 1506 3949 genitus,
1529 3882 1607 3928 nam
1627 3864 1662 3931 δι
1684 3883 1733 3931 ro·
1760 3826 1859 3964 „3202

306 3956 458 4029 mistionis
470 3977 613 4056 tempore
629 3947 844 4055 perseverabat
858 3977 966 4035 carus,
992 3950 1124 4053 septimo
1140 3949 1237 4025 sudor
1258 3958 1363 4052 erupit
1384 3956 1505 4027 calidus
1522 3952 1617 4036 saris,
1640 3959 1732 4031 alvus

305 4055 472 4140 admista
495 4080 551 4128 nec
565 4057 623 4127 nist
645 4048 720 4138 opit
743 4051 877 4133 lidiche
901 4057 1058 4148 dejiciens,
1082 4048 1354 4152 lifluxillet,spes
1373 4053 1483 4149 aliqua
1505 4050 1542 4126 su
1598 4053 1699 4128 luisset
1723 4085 1734 4129 t

306 4160 373 4232 Die
396 4158 651 4252 decimoquarto
665 4149 818 4229 convulsa
837 4158 979 4227 hiteriit:
1003 4152 1126 4225 Omnes
1147 4157 1286 4252 corporis
1307 4171 1410 4252 partes
1433 4078 1730 4239 convescebantur,

307 4258 431 4330 itrcuria
446 4260 556 4327 mattis
570 4258 664 4329 alvus
688 4255 770 4326 nihil
788 4255 828 4325 de
842 4256 977 4325 humore
991 4248 1160 4326 morbifico
1174 4254 1327 4333 reddidit,
1349 4254 1388 4325 de
1401 4250 1562 4329 vermibus
1575 4276 1644 4328 erat
1668 4251 1733 4327 sus

307 4359 408 4454 picio.
436 4360 559 4454 Aperro
571 4357 722 4427 cadavere
740 4349 905 4428 cerebrum
927 4373 995 4425 crat
1017 4355 1207 4435 humidius,
1231 4376 1368 4448 quame
1390 4373 1510 4427 natura
1532 4352 1639 4427 soret:
1671 4357 1733 4428 illa

309 4456 466 4550 quamdiu
483 4459 563 4529 vixit
576 4449 742 4525 doloribus
756 4458 864 4552 capitis
876 4474 943 4527 erat
956 4450 1111 4534 obnoxia,
1135 4465 1290 4551 perpetuo
1301 4449 1508 4526 incumbebat
1521 4460 1625 4555 operi,
1637 4455 1730 4549 quod

309 4558 351 4625 ad
364 4560 477 4653 capitis
491 4552 738 4628 imbecillitatem
754 4547 904 4634 siciebat,
927 4553 1071 4625 austrina·
1087 4550 1277 4623 constitutio·
1293 4551 1378 4625 facile
1402 4573 1503 4653 eaput
1522 4557 1694 4654 repleverat
1719 4604 1728 4625 .
1778 4518 1902 4656 suffles

363 4656 416 4721 An
430 4658 462 4724 in
477 4649 659 4743 hujusmodi
675 4648 793 4727 acerbis
807 4655 915 4751 capitis
926 4649 1090 4724 doloribus
1102 4656 1138 4724 δι
1149 4649 1406 4725 convulfionibus
1420 4654 1520 4749 gallus
1538 4673 1729 4726 exmteratos
1754 4622 1854 4737 ffers

310 4745 482 4850 applicabis
494 4760 605 4853 capitit
630 4781 736 4853 quum
750 4757 900 4828 humores
910 4753 1016 4825 adhuc
1030 4771 1247 4824 moventurac
1259 4746 1569 4851 sursuntrapiuntur
1581 4772 1621 4824 ut
1639 4775 1729 4824 curo·
1755 4750 1836 4815 0⁴²¹?
1850 4768 1900 4841 ‘’f-

311 4871 369 4922 tut
392 4852 530 4942 gravitas
542 4860 650 4955 capitis
686 4852 817 4953 lerisqtte
839 4848 974 4931 adhibiti
995 4847 1069 4925 suut
1090 4853 1131 4924 ad
1152 4846 1300 4925 somnum
1323 4852 1583 4935 conciliandum,
1613 4852 1725 4922 nocuit
1756 4841 1890 4960 ‘2⁸29‘ss

315 4951 512 5047 plurimum,
535 4883 1019 5040 wnenstbl‘hreriridisfinem
1033 4953 1431 5120 valentaddigermpum·
1631 5043 1659 5107 A
1756 4917 1904 5127 ‘sps'

1410 5067 1430 5111 2
1663 5064 1683 5106 ll
1711 5094 1713 5099 -
1757 5068 1899 5135 prount·
