<?xml version="1.0" encoding="UTF-8"?>
<!DOCTYPE html PUBLIC "-//W3C//DTD XHTML 1.0 Transitional//EN"
    "http://www.w3.org/TR/xhtml1/DTD/xhtml1-transitional.dtd">
<html xmlns="http://www.w3.org/1999/xhtml" xml:lang="en" lang="en">
 <head>
  <title>
</title>
<meta http-equiv="Content-Type" content="text/html;charset=utf-8" />
  <meta name='ocr-system' content='tesseract 3.04.00' />
  <meta name='ocr-capabilities' content='ocr_page ocr_carea ocr_par ocr_line ocrx_word'/>
</head>
<body>
  <div class='ocr_page' id='page_1' title='image "./operaomniamedic00thgoog_0172.png"; bbox 0 0 4534 5850; ppageno 0'>
   <div class='ocr_carea' id='block_1_1' title="bbox 358 431 1670 609">
    <p class='ocr_par' dir='ltr' id='par_1_1' title="bbox 358 431 1670 609">
     <span class='ocr_line' id='line_1_1' title="bbox 358 431 1670 609; baseline -0.001 -90"><span class='ocrx_word' id='word_1_1' title='bbox 358 549 438 609; x_wconf 57' lang='grc' dir='ltr'><strong>Η</strong></span> <span class='ocrx_word' id='word_1_2' title='bbox 573 473 639 539; x_wconf 80' lang='lat'>140</span> <span class='ocrx_word' id='word_1_3' title='bbox 839 431 1670 519; x_wconf 69' lang='lat' dir='ltr'>errnuurrouurr&#39;</span> 
     </span>
     <span class='ocr_line' id='line_1_2' title="bbox 393 552 450 607; baseline 0 0"><span class='ocrx_word' id='word_1_4' title='bbox 393 552 450 607; x_wconf 79' lang='lat' dir='ltr'>ors·</span> 
     </span>
    </p>
   </div>
   <div class='ocr_carea' id='block_1_2' title="bbox 327 577 1949 2468">
    <p class='ocr_par' dir='ltr' id='par_1_2' title="bbox 327 577 1945 1082">
     <span class='ocr_line' id='line_1_3' title="bbox 357 577 1937 688; baseline 0.003 -29"><span class='ocrx_word' id='word_1_5' title='bbox 357 632 451 688; x_wconf 44' lang='grc' dir='ltr'>σιω,</span> <span class='ocrx_word' id='word_1_6' title='bbox 510 591 616 661; x_wconf 86' lang='lat' dir='ltr'>Immo</span> <span class='ocrx_word' id='word_1_7' title='bbox 640 579 763 660; x_wconf 89' lang='lat' dir='ltr'>sensum</span> <span class='ocrx_word' id='word_1_8' title='bbox 779 587 925 686; x_wconf 88' lang='lat' dir='ltr'>ponderis</span> <span class='ocrx_word' id='word_1_9' title='bbox 949 586 1057 664; x_wconf 77' lang='lat' dir='ltr'>arsere,</span> <span class='ocrx_word' id='word_1_10' title='bbox 1082 585 1277 655; x_wconf 87' lang='lat' dir='ltr'>&amp;dolorem</span> <span class='ocrx_word' id='word_1_11' title='bbox 1302 581 1443 678; x_wconf 83' lang='lat' dir='ltr'>aliquem</span> <span class='ocrx_word' id='word_1_12' title='bbox 1457 577 1730 682; x_wconf 59' lang='lat' dir='ltr'>inexplicabilem</span> <span class='ocrx_word' id='word_1_13' title='bbox 1755 583 1885 661; x_wconf 83' lang='lat' dir='ltr'>Gulolir</span> <span class='ocrx_word' id='word_1_14' title='bbox 1900 592 1937 664; x_wconf 91' lang='lat' dir='ltr'>id</span> 
     </span>
     <span class='ocr_line' id='line_1_4' title="bbox 327 679 1945 795; baseline 0.022 -68"><span class='ocrx_word' id='word_1_15' title='bbox 327 721 330 727; x_wconf 89' lang='lat'>.</span> <span class='ocrx_word' id='word_1_16' title='bbox 358 707 427 795; x_wconf 45' lang='grc' dir='ltr'>Τίς</span> <span class='ocrx_word' id='word_1_17' title='bbox 451 717 495 773; x_wconf 72' lang='lat' dir='ltr'>dt·</span> <span class='ocrx_word' id='word_1_18' title='bbox 511 693 645 770; x_wconf 85' lang='lat' dir='ltr'>accidit,</span> <span class='ocrx_word' id='word_1_19' title='bbox 670 692 705 756; x_wconf 90' lang='lat'>&amp;</span> <span class='ocrx_word' id='word_1_20' title='bbox 728 694 788 780; x_wconf 91' lang='lat' dir='ltr'>qui</span> <span class='ocrx_word' id='word_1_21' title='bbox 812 680 900 755; x_wconf 90' lang='lat' dir='ltr'>cibos</span> <span class='ocrx_word' id='word_1_22' title='bbox 933 689 987 759; x_wconf 83' lang='lat' dir='ltr'>vix</span> <span class='ocrx_word' id='word_1_23' title='bbox 1011 679 1200 785; x_wconf 83' lang='lat' dir='ltr'>pramansos</span> <span class='ocrx_word' id='word_1_24' title='bbox 1225 681 1329 751; x_wconf 88' lang='lat' dir='ltr'>statim</span> <span class='ocrx_word' id='word_1_25' title='bbox 1364 682 1547 752; x_wconf 88' lang='lat' dir='ltr'>devorant.</span> <span class='ocrx_word' id='word_1_26' title='bbox 1583 686 1707 754; x_wconf 85' lang='lat' dir='ltr'>Vifitur</span> <span class='ocrx_word' id='word_1_27' title='bbox 1732 689 1768 755; x_wconf 79' lang='grc' dir='ltr'>δι</span> <span class='ocrx_word' id='word_1_28' title='bbox 1795 688 1827 756; x_wconf 92' lang='lat' dir='ltr'>id</span> <span class='ocrx_word' id='word_1_29' title='bbox 1850 692 1882 761; x_wconf 94' lang='lat' dir='ltr'>in</span> <span class='ocrx_word' id='word_1_30' title='bbox 1906 697 1945 767; x_wconf 91' lang='lat' dir='ltr'>iis</span> 
     </span>
     <span class='ocr_line' id='line_1_5' title="bbox 360 779 1942 885; baseline -0.001 -30"><span class='ocrx_word' id='word_1_31' title='bbox 360 802 473 855; x_wconf 66' lang='lat' dir='ltr'>utran-</span> <span class='ocrx_word' id='word_1_32' title='bbox 539 785 633 858; x_wconf 86' lang='lat' dir='ltr'>uibus</span> <span class='ocrx_word' id='word_1_33' title='bbox 658 787 776 882; x_wconf 89' lang='lat' dir='ltr'>hepatis</span> <span class='ocrx_word' id='word_1_34' title='bbox 799 809 916 857; x_wconf 90' lang='lat' dir='ltr'>cavum</span> <span class='ocrx_word' id='word_1_35' title='bbox 932 787 1059 859; x_wconf 88' lang='lat' dir='ltr'>videtur</span> <span class='ocrx_word' id='word_1_36' title='bbox 1074 779 1171 853; x_wconf 93' lang='lat' dir='ltr'>obrui</span> <span class='ocrx_word' id='word_1_37' title='bbox 1188 780 1398 851; x_wconf 91' lang='lat' dir='ltr'>multitudine</span> <span class='ocrx_word' id='word_1_38' title='bbox 1413 782 1620 863; x_wconf 91' lang='lat' dir='ltr'>humorum,</span> <span class='ocrx_word' id='word_1_39' title='bbox 1645 807 1802 878; x_wconf 81' lang='lat' dir='ltr'>venaeque</span> <span class='ocrx_word' id='word_1_40' title='bbox 1829 794 1942 885; x_wconf 62' lang='lat' dir='ltr'>prima</span> 
     </span>
     <span class='ocr_line' id='line_1_6' title="bbox 347 815 1945 982; baseline 0.004 -28"><span class='ocrx_word' id='word_1_41' title='bbox 347 881 409 954; x_wconf 73' lang='lat' dir='ltr'>s0·</span> <span class='ocrx_word' id='word_1_42' title='bbox 511 815 584 959; x_wconf 76' lang='lat' dir='ltr'>sunt</span> <span class='ocrx_word' id='word_1_43' title='bbox 600 882 787 957; x_wconf 74' lang='lat' dir='ltr'>0buruu2.</span> <span class='ocrx_word' id='word_1_44' title='bbox 815 889 1000 956; x_wconf 81' lang='lat' dir='ltr'>Maximum</span> <span class='ocrx_word' id='word_1_45' title='bbox 1025 883 1202 956; x_wconf 89' lang='lat' dir='ltr'>remedium</span> <span class='ocrx_word' id='word_1_46' title='bbox 1225 881 1338 955; x_wconf 78' lang='lat' dir='ltr'>alvum</span> <span class='ocrx_word' id='word_1_47' title='bbox 1356 873 1544 966; x_wconf 87' lang='lat' dir='ltr'>sollicitare,</span> <span class='ocrx_word' id='word_1_48' title='bbox 1569 887 1604 955; x_wconf 77' lang='grc' dir='ltr'>δι</span> <span class='ocrx_word' id='word_1_49' title='bbox 1631 885 1848 961; x_wconf 85' lang='lat' dir='ltr'>ventriculum</span> <span class='ocrx_word' id='word_1_50' title='bbox 1876 892 1945 982; x_wconf 81' lang='lat' dir='ltr'>dili·</span> 
     </span>
     <span class='ocr_line' id='line_1_7' title="bbox 517 1008 824 1082; baseline -0.003 -28"><span class='ocrx_word' id='word_1_51' title='bbox 517 1008 627 1082; x_wconf 81' lang='lat' dir='ltr'>genter</span> <span class='ocrx_word' id='word_1_52' title='bbox 650 1008 824 1056; x_wconf 87' lang='lat' dir='ltr'>evacuare.</span> 
     </span>
    </p>

    <p class='ocr_par' dir='ltr' id='par_1_3' title="bbox 356 1079 1949 2468">
     <span class='ocr_line' id='line_1_8' title="bbox 564 1079 1945 1183; baseline 0.001 -28"><span class='ocrx_word' id='word_1_53' title='bbox 564 1087 745 1178; x_wconf 81' lang='lat' dir='ltr'>Chirurgus</span> <span class='ocrx_word' id='word_1_54' title='bbox 770 1088 874 1154; x_wconf 85' lang='lat' dir='ltr'>Ducis</span> <span class='ocrx_word' id='word_1_55' title='bbox 899 1083 1056 1156; x_wconf 74' lang='lat' dir='ltr'>Aumalaei</span> <span class='ocrx_word' id='word_1_56' title='bbox 1080 1099 1190 1182; x_wconf 89' lang='lat' dir='ltr'>aperto</span> <span class='ocrx_word' id='word_1_57' title='bbox 1218 1080 1369 1152; x_wconf 86' lang='lat' dir='ltr'>cadavere</span> <span class='ocrx_word' id='word_1_58' title='bbox 1408 1079 1602 1177; x_wconf 83' lang='lat' dir='ltr'>nephriticus</span> <span class='ocrx_word' id='word_1_59' title='bbox 1634 1079 1843 1183; x_wconf 74' lang='lat' dir='ltr'>deprehensus</span> <span class='ocrx_word' id='word_1_60' title='bbox 1865 1088 1909 1158; x_wconf 92' lang='lat' dir='ltr'>est</span> <span class='ocrx_word' id='word_1_61' title='bbox 1936 1139 1945 1156; x_wconf 94' lang='lat'>.</span> 
     </span>
     <span class='ocr_line' id='line_1_9' title="bbox 516 1181 1942 1283; baseline 0.001 -27"><span class='ocrx_word' id='word_1_62' title='bbox 516 1187 612 1283; x_wconf 83' lang='lat' dir='ltr'>Lapis</span> <span class='ocrx_word' id='word_1_63' title='bbox 630 1208 698 1253; x_wconf 88' lang='lat' dir='ltr'>una</span> <span class='ocrx_word' id='word_1_64' title='bbox 722 1207 799 1253; x_wconf 93' lang='lat' dir='ltr'>cum</span> <span class='ocrx_word' id='word_1_65' title='bbox 815 1188 908 1255; x_wconf 90' lang='lat' dir='ltr'>urina</span> <span class='ocrx_word' id='word_1_66' title='bbox 929 1203 1070 1253; x_wconf 85' lang='lat' dir='ltr'>excretus</span> <span class='ocrx_word' id='word_1_67' title='bbox 1094 1181 1163 1252; x_wconf 86' lang='lat' dir='ltr'>est.</span> <span class='ocrx_word' id='word_1_68' title='bbox 1199 1184 1237 1249; x_wconf 91' lang='lat' dir='ltr'>ln</span> <span class='ocrx_word' id='word_1_69' title='bbox 1265 1202 1398 1279; x_wconf 86' lang='lat' dir='ltr'>corpore</span> <span class='ocrx_word' id='word_1_70' title='bbox 1421 1185 1502 1249; x_wconf 87' lang='lat' dir='ltr'>renis</span> <span class='ocrx_word' id='word_1_71' title='bbox 1527 1184 1609 1252; x_wconf 88' lang='lat' dir='ltr'>alius</span> <span class='ocrx_word' id='word_1_72' title='bbox 1631 1182 1677 1252; x_wconf 87' lang='lat' dir='ltr'>est</span> <span class='ocrx_word' id='word_1_73' title='bbox 1701 1184 1907 1281; x_wconf 85' lang='lat' dir='ltr'>deprehensus</span> <span class='ocrx_word' id='word_1_74' title='bbox 1933 1240 1942 1257; x_wconf 84' lang='lat'>.</span> 
     </span>
     <span class='ocr_line' id='line_1_10' title="bbox 519 1277 1944 1381; baseline 0 -26"><span class='ocrx_word' id='word_1_75' title='bbox 519 1286 623 1356; x_wconf 85' lang='lat' dir='ltr'>Alvus</span> <span class='ocrx_word' id='word_1_76' title='bbox 648 1285 784 1353; x_wconf 83' lang='lat' dir='ltr'>fluxerat</span> <span class='ocrx_word' id='word_1_77' title='bbox 797 1286 871 1363; x_wconf 90' lang='lat' dir='ltr'>diu,</span> <span class='ocrx_word' id='word_1_78' title='bbox 896 1277 989 1353; x_wconf 86' lang='lat' dir='ltr'>febris</span> <span class='ocrx_word' id='word_1_79' title='bbox 1014 1277 1279 1381; x_wconf 84' lang='lat' dir='ltr'>perseveraverat,</span> <span class='ocrx_word' id='word_1_80' title='bbox 1303 1280 1454 1358; x_wconf 87' lang='lat' dir='ltr'>dolores,</span> <span class='ocrx_word' id='word_1_81' title='bbox 1478 1280 1653 1364; x_wconf 88' lang='lat' dir='ltr'>clamores,</span> <span class='ocrx_word' id='word_1_82' title='bbox 1685 1285 1845 1372; x_wconf 82' lang='lat' dir='ltr'>ejulatus,</span> <span class='ocrx_word' id='word_1_83' title='bbox 1880 1282 1944 1356; x_wconf 91' lang='lat' dir='ltr'>sca-</span> 
     </span>
     <span class='ocr_line' id='line_1_11' title="bbox 520 1372 1944 1481; baseline 0.004 -28"><span class='ocrx_word' id='word_1_84' title='bbox 520 1377 603 1453; x_wconf 87' lang='lat' dir='ltr'>bies.</span> <span class='ocrx_word' id='word_1_85' title='bbox 630 1385 670 1451; x_wconf 84' lang='lat' dir='ltr'>Et</span> <span class='ocrx_word' id='word_1_86' title='bbox 686 1406 724 1452; x_wconf 86' lang='lat' dir='ltr'>cx</span> <span class='ocrx_word' id='word_1_87' title='bbox 740 1381 797 1453; x_wconf 87' lang='lat' dir='ltr'>ista</span> <span class='ocrx_word' id='word_1_88' title='bbox 820 1383 949 1452; x_wconf 86' lang='lat' dir='ltr'>historia</span> <span class='ocrx_word' id='word_1_89' title='bbox 964 1383 1067 1451; x_wconf 90' lang='lat' dir='ltr'>doceri</span> <span class='ocrx_word' id='word_1_90' title='bbox 1086 1377 1257 1458; x_wconf 84' lang='lat' dir='ltr'>debemus,</span> <span class='ocrx_word' id='word_1_91' title='bbox 1281 1379 1369 1473; x_wconf 89' lang='lat' dir='ltr'>quod</span> <span class='ocrx_word' id='word_1_92' title='bbox 1394 1372 1498 1448; x_wconf 83' lang='lat' dir='ltr'>morbi</span> <span class='ocrx_word' id='word_1_93' title='bbox 1525 1406 1639 1454; x_wconf 91' lang='lat' dir='ltr'>renum</span> <span class='ocrx_word' id='word_1_94' title='bbox 1664 1387 1698 1452; x_wconf 90' lang='lat' dir='ltr'>in</span> <span class='ocrx_word' id='word_1_95' title='bbox 1723 1391 1826 1481; x_wconf 73' lang='lat' dir='ltr'>puetis</span> <span class='ocrx_word' id='word_1_96' title='bbox 1850 1381 1944 1458; x_wconf 81' lang='lat' dir='ltr'>nobis</span> 
     </span>
     <span class='ocr_line' id='line_1_12' title="bbox 521 1475 1943 1580; baseline 0.001 -29"><span class='ocrx_word' id='word_1_97' title='bbox 521 1475 651 1580; x_wconf 68' lang='lat' dir='ltr'>suspeffl</span> <span class='ocrx_word' id='word_1_98' title='bbox 664 1483 721 1550; x_wconf 80' lang='lat' dir='ltr'>cist</span> <span class='ocrx_word' id='word_1_99' title='bbox 737 1477 870 1562; x_wconf 89' lang='lat' dir='ltr'>debent,</span> <span class='ocrx_word' id='word_1_100' title='bbox 896 1485 931 1551; x_wconf 80' lang='grc' dir='ltr'>δι</span> <span class='ocrx_word' id='word_1_101' title='bbox 946 1504 1193 1577; x_wconf 85' lang='lat' dir='ltr'>nonnumquam</span> <span class='ocrx_word' id='word_1_102' title='bbox 1211 1481 1319 1548; x_wconf 91' lang='lat' dir='ltr'>animo</span> <span class='ocrx_word' id='word_1_103' title='bbox 1344 1497 1443 1572; x_wconf 91' lang='lat' dir='ltr'>atque</span> <span class='ocrx_word' id='word_1_104' title='bbox 1469 1486 1664 1574; x_wconf 81' lang='lat' dir='ltr'>cogitatione</span> <span class='ocrx_word' id='word_1_105' title='bbox 1688 1479 1761 1553; x_wconf 82' lang='lat' dir='ltr'>illas</span> <span class='ocrx_word' id='word_1_106' title='bbox 1785 1477 1865 1554; x_wconf 86' lang='lat' dir='ltr'>sodes</span> <span class='ocrx_word' id='word_1_107' title='bbox 1890 1488 1943 1554; x_wconf 90' lang='lat' dir='ltr'>lu-</span> 
     </span>
     <span class='ocr_line' id='line_1_13' title="bbox 518 1577 1943 1680; baseline 0.001 -30"><span class='ocrx_word' id='word_1_108' title='bbox 518 1579 615 1650; x_wconf 86' lang='lat' dir='ltr'>strare</span> <span class='ocrx_word' id='word_1_109' title='bbox 627 1580 808 1675; x_wconf 88' lang='lat' dir='ltr'>diligenter,</span> <span class='ocrx_word' id='word_1_110' title='bbox 833 1577 977 1680; x_wconf 68' lang='lat' dir='ltr'>inspcslis</span> <span class='ocrx_word' id='word_1_111' title='bbox 1002 1583 1130 1668; x_wconf 73' lang='lat' dir='ltr'>urinis„</span> <span class='ocrx_word' id='word_1_112' title='bbox 1156 1583 1190 1648; x_wconf 74' lang='grc' dir='ltr'>δι</span> <span class='ocrx_word' id='word_1_113' title='bbox 1214 1601 1313 1647; x_wconf 91' lang='lat' dir='ltr'>manu</span> <span class='ocrx_word' id='word_1_114' title='bbox 1338 1579 1466 1670; x_wconf 80' lang='lat' dir='ltr'>regione</span> <span class='ocrx_word' id='word_1_115' title='bbox 1479 1603 1592 1650; x_wconf 89' lang='lat' dir='ltr'>renum</span> <span class='ocrx_word' id='word_1_116' title='bbox 1611 1583 1826 1653; x_wconf 61' lang='lat' dir='ltr'>concremata.</span> <span class='ocrx_word' id='word_1_117' title='bbox 1853 1585 1943 1677; x_wconf 80' lang='lat' dir='ltr'>Quid</span> 
     </span>
     <span class='ocr_line' id='line_1_14' title="bbox 520 1676 1943 1778; baseline 0 -28"><span class='ocrx_word' id='word_1_118' title='bbox 520 1683 605 1750; x_wconf 88' lang='lat' dir='ltr'>enirn</span> <span class='ocrx_word' id='word_1_119' title='bbox 622 1678 682 1758; x_wconf 88' lang='lat' dir='ltr'>cll,</span> <span class='ocrx_word' id='word_1_120' title='bbox 706 1703 776 1775; x_wconf 90' lang='lat' dir='ltr'>quo</span> <span class='ocrx_word' id='word_1_121' title='bbox 791 1684 897 1749; x_wconf 88' lang='lat' dir='ltr'>minus</span> <span class='ocrx_word' id='word_1_122' title='bbox 921 1680 1140 1749; x_wconf 86' lang='lat' dir='ltr'>rudimentum</span> <span class='ocrx_word' id='word_1_123' title='bbox 1158 1680 1282 1765; x_wconf 81' lang='lat' dir='ltr'>majoris</span> <span class='ocrx_word' id='word_1_124' title='bbox 1314 1676 1481 1766; x_wconf 78' lang='lat' dir='ltr'>cujusdam</span> <span class='ocrx_word' id='word_1_125' title='bbox 1500 1681 1614 1778; x_wconf 90' lang='lat' dir='ltr'>lapidis</span> <span class='ocrx_word' id='word_1_126' title='bbox 1636 1683 1670 1748; x_wconf 95' lang='lat' dir='ltr'>in</span> <span class='ocrx_word' id='word_1_127' title='bbox 1694 1685 1792 1754; x_wconf 80' lang='lat' dir='ltr'>vesica</span> <span class='ocrx_word' id='word_1_128' title='bbox 1817 1705 1943 1751; x_wconf 87' lang='lat' dir='ltr'>concre-</span> 
     </span>
     <span class='ocr_line' id='line_1_15' title="bbox 520 1770 1942 1878; baseline -0.002 -29"><span class='ocrx_word' id='word_1_129' title='bbox 520 1780 586 1849; x_wconf 86' lang='lat' dir='ltr'>turi</span> <span class='ocrx_word' id='word_1_130' title='bbox 604 1780 639 1846; x_wconf 80' lang='grc' dir='ltr'>δι</span> <span class='ocrx_word' id='word_1_131' title='bbox 663 1780 831 1872; x_wconf 89' lang='lat' dir='ltr'>augendi,</span> <span class='ocrx_word' id='word_1_132' title='bbox 855 1802 875 1850; x_wconf 92' lang='lat' dir='ltr'>a</span> <span class='ocrx_word' id='word_1_133' title='bbox 900 1773 1027 1850; x_wconf 87' lang='lat' dir='ltr'>renibus</span> <span class='ocrx_word' id='word_1_134' title='bbox 1050 1791 1184 1847; x_wconf 72' lang='lat' dir='ltr'>maneti</span> <span class='ocrx_word' id='word_1_135' title='bbox 1210 1777 1249 1842; x_wconf 91' lang='lat' dir='ltr'>Id</span> <span class='ocrx_word' id='word_1_136' title='bbox 1274 1770 1408 1843; x_wconf 84' lang='lat' dir='ltr'>morbus</span> <span class='ocrx_word' id='word_1_137' title='bbox 1426 1777 1509 1848; x_wconf 89' lang='lat' dir='ltr'>Petri</span> <span class='ocrx_word' id='word_1_138' title='bbox 1545 1780 1574 1848; x_wconf 91' lang='lat' dir='ltr'>le</span> <span class='ocrx_word' id='word_1_139' title='bbox 1600 1781 1725 1872; x_wconf 86' lang='lat' dir='ltr'>Venyer</span> <span class='ocrx_word' id='word_1_140' title='bbox 1750 1783 1942 1878; x_wconf 87' lang='lat' dir='ltr'>nephriticus</span> 
     </span>
     <span class='ocr_line' id='line_1_16' title="bbox 520 1877 1943 1977; baseline -0.001 -30"><span class='ocrx_word' id='word_1_141' title='bbox 520 1877 646 1947; x_wconf 89' lang='lat' dir='ltr'>docuit.</span> <span class='ocrx_word' id='word_1_142' title='bbox 672 1881 752 1947; x_wconf 82' lang='lat' dir='ltr'>Erat</span> <span class='ocrx_word' id='word_1_143' title='bbox 773 1881 858 1948; x_wconf 90' lang='lat' dir='ltr'>enim</span> <span class='ocrx_word' id='word_1_144' title='bbox 881 1900 956 1950; x_wconf 88' lang='lat' dir='ltr'>vera</span> <span class='ocrx_word' id='word_1_145' title='bbox 983 1878 1137 1976; x_wconf 88' lang='lat' dir='ltr'>nephritis</span> <span class='ocrx_word' id='word_1_146' title='bbox 1164 1926 1172 1944; x_wconf 91' lang='lat'>.</span> <span class='ocrx_word' id='word_1_147' title='bbox 1210 1878 1250 1943; x_wconf 84' lang='lat' dir='ltr'>Et</span> <span class='ocrx_word' id='word_1_148' title='bbox 1288 1879 1444 1967; x_wconf 90' lang='lat' dir='ltr'>quoniam</span> <span class='ocrx_word' id='word_1_149' title='bbox 1467 1903 1532 1975; x_wconf 78' lang='lat' dir='ltr'>pra</span> <span class='ocrx_word' id='word_1_150' title='bbox 1565 1882 1663 1949; x_wconf 82' lang='lat' dir='ltr'>atatis</span> <span class='ocrx_word' id='word_1_151' title='bbox 1686 1884 1845 1977; x_wconf 88' lang='lat' dir='ltr'>parvitate</span> <span class='ocrx_word' id='word_1_152' title='bbox 1878 1904 1943 1947; x_wconf 94' lang='lat' dir='ltr'>non</span> 
     </span>
     <span class='ocr_line' id='line_1_17' title="bbox 520 1966 1946 2073; baseline 0.003 -32"><span class='ocrx_word' id='word_1_153' title='bbox 520 1974 646 2073; x_wconf 82' lang='lat' dir='ltr'>possunt</span> <span class='ocrx_word' id='word_1_154' title='bbox 663 1999 719 2045; x_wconf 89' lang='lat' dir='ltr'>nec</span> <span class='ocrx_word' id='word_1_155' title='bbox 742 1977 852 2047; x_wconf 90' lang='lat' dir='ltr'>locum</span> <span class='ocrx_word' id='word_1_156' title='bbox 871 1977 1025 2055; x_wconf 89' lang='lat' dir='ltr'>indicare,</span> <span class='ocrx_word' id='word_1_157' title='bbox 1050 1999 1106 2046; x_wconf 83' lang='lat' dir='ltr'>noc</span> <span class='ocrx_word' id='word_1_158' title='bbox 1131 1967 1236 2043; x_wconf 91' lang='lat' dir='ltr'>morbi</span> <span class='ocrx_word' id='word_1_159' title='bbox 1261 1966 1390 2069; x_wconf 86' lang='lat' dir='ltr'>speciem</span> <span class='ocrx_word' id='word_1_160' title='bbox 1405 1978 1584 2070; x_wconf 83' lang='lat' dir='ltr'>explicare,</span> <span class='ocrx_word' id='word_1_161' title='bbox 1608 1982 1642 2045; x_wconf 92' lang='lat' dir='ltr'>in</span> <span class='ocrx_word' id='word_1_162' title='bbox 1659 1981 1866 2050; x_wconf 85' lang='lat' dir='ltr'>Medicorum</span> <span class='ocrx_word' id='word_1_163' title='bbox 1888 2001 1946 2047; x_wconf 89' lang='lat' dir='ltr'>no-</span> 
     </span>
     <span class='ocr_line' id='line_1_18' title="bbox 365 2071 1946 2269; baseline 0.003 -30"><span class='ocrx_word' id='word_1_164' title='bbox 365 2159 478 2257; x_wconf 63' lang='lat' dir='ltr'>mern.</span> <span class='ocrx_word' id='word_1_165' title='bbox 520 2074 697 2264; x_wconf 37' lang='lat' dir='ltr'>ntlsi‘hidlc</span> <span class='ocrx_word' id='word_1_166' title='bbox 711 2071 855 2245; x_wconf 60' lang='lat' dir='ltr'>sliurorrldhs</span> <span class='ocrx_word' id='word_1_167' title='bbox 867 2094 1115 2269; x_wconf 43' lang='lat' dir='ltr'>sirllinieffibgida</span> <span class='ocrx_word' id='word_1_168' title='bbox 1130 2180 1268 2265; x_wconf 81' lang='lat' dir='ltr'>majora,</span> <span class='ocrx_word' id='word_1_169' title='bbox 1291 2170 1379 2241; x_wconf 83' lang='lat' dir='ltr'>radix</span> <span class='ocrx_word' id='word_1_170' title='bbox 1388 2166 1746 2269; x_wconf 77' lang='lat' dir='ltr'>oxylapathi,acetosae,</span> <span class='ocrx_word' id='word_1_171' title='bbox 1770 2174 1905 2244; x_wconf 87' lang='lat' dir='ltr'>cichorii</span> <span class='ocrx_word' id='word_1_172' title='bbox 1934 2222 1946 2252; x_wconf 94' lang='lat'>,</span> 
     </span>
     <span class='ocr_line' id='line_1_19' title="bbox 356 2245 1949 2399; baseline 0.001 -59"><span class='ocrx_word' id='word_1_173' title='bbox 356 2245 503 2399; x_wconf 35' lang='lat' dir='ltr'>pm&amp;</span> <span class='ocrx_word' id='word_1_174' title='bbox 524 2265 661 2342; x_wconf 82' lang='lat' dir='ltr'>scariolre</span> <span class='ocrx_word' id='word_1_175' title='bbox 688 2276 722 2343; x_wconf 94' lang='lat' dir='ltr'>in</span> <span class='ocrx_word' id='word_1_176' title='bbox 745 2273 915 2344; x_wconf 69' lang='lat' dir='ltr'>decoBcum</span> <span class='ocrx_word' id='word_1_177' title='bbox 932 2297 1071 2392; x_wconf 76' lang='lat' dir='ltr'>purgans</span> <span class='ocrx_word' id='word_1_178' title='bbox 1095 2274 1302 2392; x_wconf 83' lang='lat' dir='ltr'>ingredientia</span> <span class='ocrx_word' id='word_1_179' title='bbox 1322 2319 1338 2387; x_wconf 89' lang='lat'>’.</span> <span class='ocrx_word' id='word_1_180' title='bbox 1356 2274 1390 2341; x_wconf 92' lang='lat' dir='ltr'>in</span> <span class='ocrx_word' id='word_1_181' title='bbox 1408 2295 1478 2368; x_wconf 92' lang='lat' dir='ltr'>quo</span> <span class='ocrx_word' id='word_1_182' title='bbox 1496 2291 1553 2340; x_wconf 87' lang='lat' dir='ltr'>aut</span> <span class='ocrx_word' id='word_1_183' title='bbox 1576 2267 1653 2341; x_wconf 85' lang='lat' dir='ltr'>lolia</span> <span class='ocrx_word' id='word_1_184' title='bbox 1675 2266 1770 2350; x_wconf 81' lang='lat' dir='ltr'>sena,</span> <span class='ocrx_word' id='word_1_185' title='bbox 1792 2293 1850 2388; x_wconf 83' lang='lat' dir='ltr'>aut</span> <span class='ocrx_word' id='word_1_186' title='bbox 1868 2275 1949 2342; x_wconf 89' lang='lat' dir='ltr'>rha-</span> 
     </span>
     <span class='ocr_line' id='line_1_20' title="bbox 362 2364 1945 2468; baseline -0.001 -26"><span class='ocrx_word' id='word_1_187' title='bbox 362 2411 428 2468; x_wconf 51' lang='lat'>„4</span> <span class='ocrx_word' id='word_1_188' title='bbox 464 2410 504 2462; x_wconf 59' lang='lat' dir='ltr'>„a</span> <span class='ocrx_word' id='word_1_189' title='bbox 524 2364 700 2444; x_wconf 86' lang='lat' dir='ltr'>barbarum</span> <span class='ocrx_word' id='word_1_190' title='bbox 715 2369 808 2444; x_wconf 87' lang='lat' dir='ltr'>debet</span> <span class='ocrx_word' id='word_1_191' title='bbox 826 2397 1004 2456; x_wconf 81' lang='lat' dir='ltr'>macerari,</span> <span class='ocrx_word' id='word_1_192' title='bbox 1029 2398 1096 2448; x_wconf 88' lang='lat' dir='ltr'>vrm</span> <span class='ocrx_word' id='word_1_193' title='bbox 1121 2375 1341 2444; x_wconf 74' lang='lat' dir='ltr'>methcamentr</span> <span class='ocrx_word' id='word_1_194' title='bbox 1364 2372 1570 2442; x_wconf 67' lang='lat' dir='ltr'>retundunt?</span> <span class='ocrx_word' id='word_1_195' title='bbox 1594 2371 1744 2441; x_wconf 89' lang='lat' dir='ltr'>Calorem</span> <span class='ocrx_word' id='word_1_196' title='bbox 1767 2392 1854 2439; x_wconf 90' lang='lat' dir='ltr'>enrm</span> <span class='ocrx_word' id='word_1_197' title='bbox 1881 2396 1945 2441; x_wconf 94' lang='lat' dir='ltr'>me-</span> 
     </span>
    </p>
   </div>
   <div class='ocr_carea' id='block_1_3' title="bbox 359 2463 1943 2646">
    <p class='ocr_par' dir='ltr' id='par_1_4' title="bbox 359 2463 1943 2646">
     <span class='ocr_line' id='line_1_21' title="bbox 359 2463 1943 2572; baseline -0.006 -26"><span class='ocrx_word' id='word_1_198' title='bbox 359 2486 503 2549; x_wconf 71' lang='lat' dir='ltr'>cbomce·</span> <span class='ocrx_word' id='word_1_199' title='bbox 523 2471 693 2542; x_wconf 89' lang='lat' dir='ltr'>dicamenti</span> <span class='ocrx_word' id='word_1_200' title='bbox 715 2494 893 2572; x_wconf 88' lang='lat' dir='ltr'>temperant</span> <span class='ocrx_word' id='word_1_201' title='bbox 916 2523 927 2556; x_wconf 91' lang='lat'>,</span> <span class='ocrx_word' id='word_1_202' title='bbox 958 2479 993 2544; x_wconf 90' lang='lat'>&amp;</span> <span class='ocrx_word' id='word_1_203' title='bbox 1017 2476 1154 2545; x_wconf 89' lang='lat' dir='ltr'>acuticm</span> <span class='ocrx_word' id='word_1_204' title='bbox 1178 2495 1391 2565; x_wconf 83' lang='lat' dir='ltr'>quacumque</span> <span class='ocrx_word' id='word_1_205' title='bbox 1414 2468 1517 2550; x_wconf 89' lang='lat' dir='ltr'>inest,</span> <span class='ocrx_word' id='word_1_206' title='bbox 1541 2471 1757 2541; x_wconf 88' lang='lat' dir='ltr'>medicamenti</span> <span class='ocrx_word' id='word_1_207' title='bbox 1782 2463 1943 2538; x_wconf 86' lang='lat' dir='ltr'>hebetant.</span> 
     </span>
     <span class='ocr_line' id='line_1_22' title="bbox 360 2563 1942 2646; baseline 0.006 -17"><span class='ocrx_word' id='word_1_208' title='bbox 360 2564 504 2644; x_wconf 50' lang='grc' dir='ltr'>νομόν.</span> <span class='ocrx_word' id='word_1_209' title='bbox 526 2570 601 2636; x_wconf 94' lang='lat' dir='ltr'>ldeo</span> <span class='ocrx_word' id='word_1_210' title='bbox 625 2574 729 2638; x_wconf 89' lang='lat' dir='ltr'>minus</span> <span class='ocrx_word' id='word_1_211' title='bbox 759 2575 926 2640; x_wconf 89' lang='lat' dir='ltr'>commode</span> <span class='ocrx_word' id='word_1_212' title='bbox 958 2571 1017 2638; x_wconf 84' lang='lat' dir='ltr'>isto</span> <span class='ocrx_word' id='word_1_213' title='bbox 1042 2569 1173 2638; x_wconf 75' lang='lat' dir='ltr'>decocto</span> <span class='ocrx_word' id='word_1_214' title='bbox 1203 2563 1442 2634; x_wconf 91' lang='lat' dir='ltr'>rhabarbarum</span> <span class='ocrx_word' id='word_1_215' title='bbox 1469 2613 1482 2646; x_wconf 94' lang='lat'>,</span> <span class='ocrx_word' id='word_1_216' title='bbox 1516 2573 1551 2635; x_wconf 90' lang='lat'>&amp;</span> <span class='ocrx_word' id='word_1_217' title='bbox 1585 2570 1644 2637; x_wconf 89' lang='lat' dir='ltr'>alia</span> <span class='ocrx_word' id='word_1_218' title='bbox 1678 2569 1849 2639; x_wconf 83' lang='lat' dir='ltr'>consimilia</span> <span class='ocrx_word' id='word_1_219' title='bbox 1876 2592 1942 2638; x_wconf 90' lang='lat' dir='ltr'>me-</span> 
     </span>
    </p>
   </div>
   <div class='ocr_carea' id='block_1_4' title="bbox 310 2651 1959 4839">
    <p class='ocr_par' dir='ltr' id='par_1_5' title="bbox 310 2651 1959 4839">
     <span class='ocr_line' id='line_1_23' title="bbox 359 2651 1945 2759; baseline 0.006 -31"><span class='ocrx_word' id='word_1_220' title='bbox 359 2651 475 2750; x_wconf 52' lang='lat' dir='ltr'>“f&#39;lnff</span> <span class='ocrx_word' id='word_1_221' title='bbox 527 2666 701 2734; x_wconf 77' lang='lat' dir='ltr'>dicamenta</span> <span class='ocrx_word' id='word_1_222' title='bbox 731 2687 969 2746; x_wconf 87' lang='lat' dir='ltr'>macerantur,</span> <span class='ocrx_word' id='word_1_223' title='bbox 1010 2665 1066 2732; x_wconf 87' lang='lat' dir='ltr'>nlfi</span> <span class='ocrx_word' id='word_1_224' title='bbox 1094 2661 1186 2731; x_wconf 82' lang='lat' dir='ltr'>forte·</span> <span class='ocrx_word' id='word_1_225' title='bbox 1204 2663 1265 2729; x_wconf 89' lang='lat' dir='ltr'>srnt</span> <span class='ocrx_word' id='word_1_226' title='bbox 1300 2661 1484 2742; x_wconf 87' lang='lat' dir='ltr'>validiora,</span> <span class='ocrx_word' id='word_1_227' title='bbox 1518 2683 1557 2733; x_wconf 92' lang='lat' dir='ltr'>ut</span> <span class='ocrx_word' id='word_1_228' title='bbox 1594 2661 1668 2734; x_wconf 91' lang='lat' dir='ltr'>sunt</span> <span class='ocrx_word' id='word_1_229' title='bbox 1693 2669 1945 2759; x_wconf 86' lang='lat' dir='ltr'>colocynthis&amp;</span> 
     </span>
     <span class='ocr_line' id='line_1_24' title="bbox 355 2749 1944 2874; baseline 0.003 -43"><span class='ocrx_word' id='word_1_230' title='bbox 355 2749 503 2874; x_wconf 50' lang='lat'>222²?</span> <span class='ocrx_word' id='word_1_231' title='bbox 523 2758 787 2832; x_wconf 88' lang='lat' dir='ltr'>scammonium.</span> <span class='ocrx_word' id='word_1_232' title='bbox 820 2765 910 2833; x_wconf 91' lang='lat' dir='ltr'>Nam</span> <span class='ocrx_word' id='word_1_233' title='bbox 935 2781 972 2832; x_wconf 92' lang='lat' dir='ltr'>ut</span> <span class='ocrx_word' id='word_1_234' title='bbox 997 2761 1189 2854; x_wconf 84' lang='lat' dir='ltr'>amygdala,</span> <span class='ocrx_word' id='word_1_235' title='bbox 1222 2764 1256 2829; x_wconf 79' lang='grc' dir='ltr'>δι</span> <span class='ocrx_word' id='word_1_236' title='bbox 1281 2759 1395 2850; x_wconf 69' lang='lat' dir='ltr'>daupi</span> <span class='ocrx_word' id='word_1_237' title='bbox 1413 2758 1552 2852; x_wconf 84' lang='lat' dir='ltr'>dacrydii</span> <span class='ocrx_word' id='word_1_238' title='bbox 1576 2769 1645 2835; x_wconf 90' lang='lat' dir='ltr'>vinr</span> <span class='ocrx_word' id='word_1_239' title='bbox 1672 2769 1876 2845; x_wconf 91' lang='lat' dir='ltr'>retundunt,</span> <span class='ocrx_word' id='word_1_240' title='bbox 1899 2769 1944 2836; x_wconf 92' lang='lat' dir='ltr'>ita</span> 
     </span>
     <span class='ocr_line' id='line_1_25' title="bbox 359 2839 1947 2965; baseline 0.003 -34"><span class='ocrx_word' id='word_1_241' title='bbox 359 2839 467 2959; x_wconf 38' lang='grc' dir='ltr'>,ΞΜ</span> <span class='ocrx_word' id='word_1_242' title='bbox 522 2859 579 2931; x_wconf 86' lang='lat' dir='ltr'>ista</span> <span class='ocrx_word' id='word_1_243' title='bbox 604 2860 734 2933; x_wconf 77' lang='lat' dir='ltr'>decocta</span> <span class='ocrx_word' id='word_1_244' title='bbox 757 2882 912 2934; x_wconf 87' lang='lat' dir='ltr'>macerata</span> <span class='ocrx_word' id='word_1_245' title='bbox 935 2861 1160 2932; x_wconf 88' lang='lat' dir='ltr'>medicamenta</span> <span class='ocrx_word' id='word_1_246' title='bbox 1190 2852 1399 2952; x_wconf 85' lang='lat' dir='ltr'>infringunt.</span> <span class='ocrx_word' id='word_1_247' title='bbox 1434 2861 1577 2933; x_wconf 87' lang='lat' dir='ltr'>Galenus</span> <span class='ocrx_word' id='word_1_248' title='bbox 1602 2887 1757 2935; x_wconf 90' lang='lat' dir='ltr'>commen.</span> <span class='ocrx_word' id='word_1_249' title='bbox 1779 2868 1821 2935; x_wconf 92' lang='lat' dir='ltr'>ad</span> <span class='ocrx_word' id='word_1_250' title='bbox 1845 2872 1947 2965; x_wconf 90' lang='lat' dir='ltr'>parti·</span> 
     </span>
     <span class='ocr_line' id='line_1_26' title="bbox 360 2954 1948 3058; baseline 0.004 -28"><span class='ocrx_word' id='word_1_251' title='bbox 360 2998 453 3047; x_wconf 60' lang='grc' dir='ltr'>Μ,</span> <span class='ocrx_word' id='word_1_252' title='bbox 522 2962 628 3031; x_wconf 90' lang='lat' dir='ltr'>culam</span> <span class='ocrx_word' id='word_1_253' title='bbox 652 2982 706 3029; x_wconf 87' lang='lat'>12.</span> <span class='ocrx_word' id='word_1_254' title='bbox 731 2956 786 3032; x_wconf 88' lang='lat' dir='ltr'>lib.</span> <span class='ocrx_word' id='word_1_255' title='bbox 812 2984 843 3029; x_wconf 83' lang='lat'>2.</span> <span class='ocrx_word' id='word_1_256' title='bbox 869 2965 908 3032; x_wconf 95' lang='lat' dir='ltr'>de</span> <span class='ocrx_word' id='word_1_257' title='bbox 925 2982 1010 3032; x_wconf 86' lang='lat' dir='ltr'>aeut.</span> <span class='ocrx_word' id='word_1_258' title='bbox 1040 2960 1111 3033; x_wconf 87' lang='lat' dir='ltr'>vult</span> <span class='ocrx_word' id='word_1_259' title='bbox 1135 2960 1269 3054; x_wconf 88' lang='lat' dir='ltr'>quidem</span> <span class='ocrx_word' id='word_1_260' title='bbox 1293 2954 1480 3041; x_wconf 84' lang='lat' dir='ltr'>admisceri,</span> <span class='ocrx_word' id='word_1_261' title='bbox 1505 2987 1578 3058; x_wconf 80' lang='lat' dir='ltr'>quae</span> <span class='ocrx_word' id='word_1_262' title='bbox 1612 2966 1829 3034; x_wconf 86' lang='lat' dir='ltr'>medicamenti</span> <span class='ocrx_word' id='word_1_263' title='bbox 1856 2967 1948 3036; x_wconf 90' lang='lat' dir='ltr'>mali-</span> 
     </span>
     <span class='ocr_line' id='line_1_27' title="bbox 522 3056 1945 3157; baseline 0.001 -26"><span class='ocrx_word' id='word_1_264' title='bbox 522 3063 679 3157; x_wconf 85' lang='lat' dir='ltr'>gnitatem</span> <span class='ocrx_word' id='word_1_265' title='bbox 702 3068 888 3154; x_wconf 80' lang='lat' dir='ltr'>corrigant:</span> <span class='ocrx_word' id='word_1_266' title='bbox 913 3056 962 3132; x_wconf 91' lang='lat' dir='ltr'>sed</span> <span class='ocrx_word' id='word_1_267' title='bbox 978 3084 1052 3156; x_wconf 85' lang='lat' dir='ltr'>quae</span> <span class='ocrx_word' id='word_1_268' title='bbox 1075 3067 1290 3157; x_wconf 88' lang='lat' dir='ltr'>operationem</span> <span class='ocrx_word' id='word_1_269' title='bbox 1311 3061 1507 3156; x_wconf 78' lang='lat' dir='ltr'>impediant,</span> <span class='ocrx_word' id='word_1_270' title='bbox 1532 3087 1597 3129; x_wconf 92' lang='lat' dir='ltr'>non</span> <span class='ocrx_word' id='word_1_271' title='bbox 1617 3063 1688 3131; x_wconf 88' lang='lat' dir='ltr'>vult</span> <span class='ocrx_word' id='word_1_272' title='bbox 1705 3064 1857 3130; x_wconf 90' lang='lat' dir='ltr'>admitti.</span> <span class='ocrx_word' id='word_1_273' title='bbox 1888 3066 1945 3133; x_wconf 83' lang='lat' dir='ltr'>At.</span> 
     </span>
     <span class='ocr_line' id='line_1_28' title="bbox 522 3154 1953 3259; baseline 0.002 -30"><span class='ocrx_word' id='word_1_274' title='bbox 522 3183 589 3255; x_wconf 92' lang='lat' dir='ltr'>que</span> <span class='ocrx_word' id='word_1_275' title='bbox 605 3184 643 3229; x_wconf 83' lang='lat' dir='ltr'>ex</span> <span class='ocrx_word' id='word_1_276' title='bbox 665 3162 774 3230; x_wconf 82' lang='lat' dir='ltr'>eodem</span> <span class='ocrx_word' id='word_1_277' title='bbox 794 3161 866 3229; x_wconf 90' lang='lat' dir='ltr'>loco</span> <span class='ocrx_word' id='word_1_278' title='bbox 883 3156 1017 3259; x_wconf 87' lang='lat' dir='ltr'>probare</span> <span class='ocrx_word' id='word_1_279' title='bbox 1040 3165 1114 3253; x_wconf 92' lang='lat' dir='ltr'>quis</span> <span class='ocrx_word' id='word_1_280' title='bbox 1137 3156 1246 3256; x_wconf 89' lang='lat' dir='ltr'>poliit,</span> <span class='ocrx_word' id='word_1_281' title='bbox 1272 3154 1376 3225; x_wconf 85' lang='lat' dir='ltr'>statim</span> <span class='ocrx_word' id='word_1_282' title='bbox 1401 3182 1421 3227; x_wconf 92' lang='lat' dir='ltr'>a</span> <span class='ocrx_word' id='word_1_283' title='bbox 1452 3154 1558 3227; x_wconf 91' lang='lat' dir='ltr'>sumto</span> <span class='ocrx_word' id='word_1_284' title='bbox 1579 3160 1805 3226; x_wconf 89' lang='lat' dir='ltr'>medicamento</span> <span class='ocrx_word' id='word_1_285' title='bbox 1834 3167 1953 3255; x_wconf 86' lang='lat' dir='ltr'>potius.</span> 
     </span>
     <span class='ocr_line' id='line_1_29' title="bbox 521 3249 1953 3353; baseline 0.001 -27"><span class='ocrx_word' id='word_1_286' title='bbox 521 3255 681 3347; x_wconf 80' lang='lat' dir='ltr'>jusculum</span> <span class='ocrx_word' id='word_1_287' title='bbox 704 3261 846 3330; x_wconf 83' lang='lat' dir='ltr'>dandum</span> <span class='ocrx_word' id='word_1_288' title='bbox 877 3260 961 3339; x_wconf 87' lang='lat' dir='ltr'>eise,</span> <span class='ocrx_word' id='word_1_289' title='bbox 985 3281 1085 3353; x_wconf 91' lang='lat' dir='ltr'>quam</span> <span class='ocrx_word' id='word_1_290' title='bbox 1110 3258 1247 3326; x_wconf 83' lang='lat' dir='ltr'>tardius.</span> <span class='ocrx_word' id='word_1_291' title='bbox 1275 3259 1380 3323; x_wconf 89' lang='lat' dir='ltr'>Immo</span> <span class='ocrx_word' id='word_1_292' title='bbox 1409 3258 1503 3350; x_wconf 79' lang='lat' dir='ltr'>longe</span> <span class='ocrx_word' id='word_1_293' title='bbox 1540 3253 1705 3353; x_wconf 89' lang='lat' dir='ltr'>postquam</span> <span class='ocrx_word' id='word_1_294' title='bbox 1731 3249 1873 3324; x_wconf 89' lang='lat' dir='ltr'>sumtum</span> <span class='ocrx_word' id='word_1_295' title='bbox 1901 3260 1953 3327; x_wconf 88' lang='lat' dir='ltr'>est</span> 
     </span>
     <span class='ocr_line' id='line_1_30' title="bbox 524 3352 1958 3451; baseline 0 -25"><span class='ocrx_word' id='word_1_296' title='bbox 524 3357 790 3429; x_wconf 87' lang='lat' dir='ltr'>medicamentum</span> <span class='ocrx_word' id='word_1_297' title='bbox 812 3357 887 3430; x_wconf 84' lang='lat' dir='ltr'>vult</span> <span class='ocrx_word' id='word_1_298' title='bbox 904 3352 1126 3440; x_wconf 85' lang='lat' dir='ltr'>abstinendum</span> <span class='ocrx_word' id='word_1_299' title='bbox 1138 3352 1216 3425; x_wconf 85' lang='lat' dir='ltr'>elle.</span> <span class='ocrx_word' id='word_1_300' title='bbox 1242 3354 1282 3424; x_wconf 86' lang='lat' dir='ltr'>Et</span> <span class='ocrx_word' id='word_1_301' title='bbox 1304 3354 1392 3425; x_wconf 89' lang='lat' dir='ltr'>locus</span> <span class='ocrx_word' id='word_1_302' title='bbox 1414 3353 1458 3425; x_wconf 84' lang='lat' dir='ltr'>est</span> <span class='ocrx_word' id='word_1_303' title='bbox 1472 3359 1517 3425; x_wconf 88' lang='lat' dir='ltr'>ita</span> <span class='ocrx_word' id='word_1_304' title='bbox 1534 3353 1687 3433; x_wconf 76' lang='lat' dir='ltr'>dilsrciliS,</span> <span class='ocrx_word' id='word_1_305' title='bbox 1710 3374 1749 3424; x_wconf 90' lang='lat' dir='ltr'>ut</span> <span class='ocrx_word' id='word_1_306' title='bbox 1767 3361 1823 3427; x_wconf 87' lang='lat' dir='ltr'>vix</span> <span class='ocrx_word' id='word_1_307' title='bbox 1850 3357 1958 3451; x_wconf 52' lang='lat' dir='ltr'>possit,</span> 
     </span>
     <span class='ocr_line' id='line_1_31' title="bbox 360 3458 1859 3573; baseline -0.001 -4"><span class='ocrx_word' id='word_1_308' title='bbox 360 3507 478 3569; x_wconf 71' lang='lat' dir='ltr'>vlivi.</span> <span class='ocrx_word' id='word_1_309' title='bbox 524 3458 677 3572; x_wconf 35' lang='lat' dir='ltr'>meu&amp;</span> <span class='ocrx_word' id='word_1_310' title='bbox 923 3562 929 3573; x_wconf 93' lang='lat'>.</span> <span class='ocrx_word' id='word_1_311' title='bbox 1586 3559 1593 3572; x_wconf 92' lang='lat'>.</span> <span class='ocrx_word' id='word_1_312' title='bbox 1854 3556 1859 3568; x_wconf 92' lang='lat'>.</span> 
     </span>
     <span class='ocr_line' id='line_1_32' title="bbox 360 3552 1947 3651; baseline -0.001 -24"><span class='ocrx_word' id='word_1_313' title='bbox 360 3595 439 3649; x_wconf 52' lang='lat' dir='ltr'>„qm</span> <span class='ocrx_word' id='word_1_314' title='bbox 455 3598 501 3650; x_wconf 50' lang='lat' dir='ltr'>m,</span> <span class='ocrx_word' id='word_1_315' title='bbox 578 3553 647 3627; x_wconf 91' lang='lat' dir='ltr'>Ubr</span> <span class='ocrx_word' id='word_1_316' title='bbox 670 3563 790 3631; x_wconf 90' lang='lat' dir='ltr'>virium</span> <span class='ocrx_word' id='word_1_317' title='bbox 814 3561 999 3638; x_wconf 82' lang='lat' dir='ltr'>infirmitas,</span> <span class='ocrx_word' id='word_1_318' title='bbox 1023 3560 1095 3630; x_wconf 87' lang='lat' dir='ltr'>licet</span> <span class='ocrx_word' id='word_1_319' title='bbox 1119 3573 1309 3651; x_wconf 89' lang='lat' dir='ltr'>argumenta</span> <span class='ocrx_word' id='word_1_320' title='bbox 1333 3555 1393 3625; x_wconf 89' lang='lat' dir='ltr'>srnt</span> <span class='ocrx_word' id='word_1_321' title='bbox 1416 3555 1622 3647; x_wconf 78' lang='lat' dir='ltr'>cacochyrnrae</span> <span class='ocrx_word' id='word_1_322' title='bbox 1654 3552 1795 3631; x_wconf 81' lang='lat' dir='ltr'>multa,</span> <span class='ocrx_word' id='word_1_323' title='bbox 1827 3556 1885 3622; x_wconf 89' lang='lat' dir='ltr'>msr</span> <span class='ocrx_word' id='word_1_324' title='bbox 1910 3580 1947 3626; x_wconf 86' lang='lat' dir='ltr'>ca</span> 
     </span>
     <span class='ocr_line' id='line_1_33' title="bbox 355 3650 1948 3745; baseline -0.007 -14"><span class='ocrx_word' id='word_1_325' title='bbox 355 3669 486 3745; x_wconf 73' lang='lat' dir='ltr'>firmitas</span> <span class='ocrx_word' id='word_1_326' title='bbox 526 3657 616 3725; x_wconf 85' lang='lat' dir='ltr'>valde</span> <span class='ocrx_word' id='word_1_327' title='bbox 636 3650 704 3723; x_wconf 90' lang='lat' dir='ltr'>obs</span> <span class='ocrx_word' id='word_1_328' title='bbox 735 3678 832 3725; x_wconf 89' lang='lat' dir='ltr'>uatut</span> <span class='ocrx_word' id='word_1_329' title='bbox 851 3653 973 3726; x_wconf 89' lang='lat' dir='ltr'>blando</span> <span class='ocrx_word' id='word_1_330' title='bbox 996 3662 1091 3725; x_wconf 86' lang='lat' dir='ltr'>etiam</span> <span class='ocrx_word' id='word_1_331' title='bbox 1108 3658 1363 3735; x_wconf 89' lang='lat' dir='ltr'>medicamento,</span> <span class='ocrx_word' id='word_1_332' title='bbox 1387 3655 1568 3729; x_wconf 84' lang='lat' dir='ltr'>cavendum</span> <span class='ocrx_word' id='word_1_333' title='bbox 1590 3673 1629 3720; x_wconf 89' lang='lat' dir='ltr'>ne</span> <span class='ocrx_word' id='word_1_334' title='bbox 1653 3654 1850 3724; x_wconf 90' lang='lat' dir='ltr'>vehementer</span> <span class='ocrx_word' id='word_1_335' title='bbox 1875 3678 1948 3720; x_wconf 90' lang='lat' dir='ltr'>cor-</span> 
     </span>
     <span class='ocr_line' id='line_1_34' title="bbox 360 3746 1944 3850; baseline 0.005 -37"><span class='ocrx_word' id='word_1_336' title='bbox 360 3774 428 3813; x_wconf 71' lang='grc' dir='ltr'>ιω»</span> <span class='ocrx_word' id='word_1_337' title='bbox 452 3773 500 3815; x_wconf 79' lang='lat' dir='ltr'>u·</span> <span class='ocrx_word' id='word_1_338' title='bbox 525 3775 587 3850; x_wconf 91' lang='lat' dir='ltr'>pus</span> <span class='ocrx_word' id='word_1_339' title='bbox 610 3771 725 3820; x_wconf 90' lang='lat' dir='ltr'>contur</span> <span class='ocrx_word' id='word_1_340' title='bbox 765 3776 855 3821; x_wconf 86' lang='lat' dir='ltr'>mus.</span> <span class='ocrx_word' id='word_1_341' title='bbox 885 3755 982 3823; x_wconf 90' lang='lat' dir='ltr'>Unde</span> <span class='ocrx_word' id='word_1_342' title='bbox 1007 3749 1170 3850; x_wconf 91' lang='lat' dir='ltr'>plerosque</span> <span class='ocrx_word' id='word_1_343' title='bbox 1193 3754 1331 3824; x_wconf 90' lang='lat' dir='ltr'>vidimus</span> <span class='ocrx_word' id='word_1_344' title='bbox 1355 3753 1464 3823; x_wconf 88' lang='lat' dir='ltr'>eodem</span> <span class='ocrx_word' id='word_1_345' title='bbox 1491 3754 1542 3823; x_wconf 90' lang='lat' dir='ltr'>die</span> <span class='ocrx_word' id='word_1_346' title='bbox 1567 3746 1707 3821; x_wconf 88' lang='lat' dir='ltr'>sublatos</span> <span class='ocrx_word' id='word_1_347' title='bbox 1738 3775 1809 3845; x_wconf 94' lang='lat' dir='ltr'>quo</span> <span class='ocrx_word' id='word_1_348' title='bbox 1831 3752 1944 3821; x_wconf 85' lang='lat' dir='ltr'>datum</span> 
     </span>
     <span class='ocr_line' id='line_1_35' title="bbox 358 3838 1945 3949; baseline 0.003 -35"><span class='ocrx_word' id='word_1_349' title='bbox 358 3838 459 3937; x_wconf 61' lang='lat' dir='ltr'>eafhy·</span> <span class='ocrx_word' id='word_1_350' title='bbox 526 3850 814 3932; x_wconf 89' lang='lat' dir='ltr'>medicamentum,</span> <span class='ocrx_word' id='word_1_351' title='bbox 837 3846 910 3922; x_wconf 80' lang='lat' dir='ltr'>salsa</span> <span class='ocrx_word' id='word_1_352' title='bbox 935 3854 1077 3946; x_wconf 89' lang='lat' dir='ltr'>quadarn</span> <span class='ocrx_word' id='word_1_353' title='bbox 1090 3857 1241 3947; x_wconf 90' lang='lat' dir='ltr'>opinione</span> <span class='ocrx_word' id='word_1_354' title='bbox 1265 3852 1357 3921; x_wconf 90' lang='lat' dir='ltr'>multi</span> <span class='ocrx_word' id='word_1_355' title='bbox 1381 3854 1416 3921; x_wconf 77' lang='grc' dir='ltr'>δι</span> <span class='ocrx_word' id='word_1_356' title='bbox 1441 3855 1533 3949; x_wconf 85' lang='lat' dir='ltr'>pravi</span> <span class='ocrx_word' id='word_1_357' title='bbox 1568 3852 1713 3921; x_wconf 90' lang='lat' dir='ltr'>humoris</span> <span class='ocrx_word' id='word_1_358' title='bbox 1744 3848 1945 3920; x_wconf 73' lang='lat' dir='ltr'>existentis.</span> 
     </span>
     <span class='ocr_line' id='line_1_36' title="bbox 358 3936 1951 4063; baseline -0.003 -42"><span class='ocrx_word' id='word_1_359' title='bbox 358 3936 500 4063; x_wconf 51' lang='lat' dir='ltr'>malm</span> <span class='ocrx_word' id='word_1_360' title='bbox 528 3942 697 4021; x_wconf 83' lang='lat' dir='ltr'>Damisella</span> <span class='ocrx_word' id='word_1_361' title='bbox 712 3952 846 4028; x_wconf 81' lang='lat' dir='ltr'>Mulon,</span> <span class='ocrx_word' id='word_1_362' title='bbox 873 3975 956 4021; x_wconf 83' lang='lat' dir='ltr'>uxor</span> <span class='ocrx_word' id='word_1_363' title='bbox 972 3952 1127 4024; x_wconf 85' lang='lat' dir='ltr'>Gulielmi</span> <span class='ocrx_word' id='word_1_364' title='bbox 1146 3954 1295 4042; x_wconf 83' lang='lat' dir='ltr'>Guynet‚</span> <span class='ocrx_word' id='word_1_365' title='bbox 1321 3945 1425 4021; x_wconf 87' lang='lat' dir='ltr'>servus</span> <span class='ocrx_word' id='word_1_366' title='bbox 1444 3955 1487 4021; x_wconf 91' lang='lat' dir='ltr'>D.</span> <span class='ocrx_word' id='word_1_367' title='bbox 1507 3950 1623 4030; x_wconf 77' lang='lat' dir='ltr'>Peme,</span> <span class='ocrx_word' id='word_1_368' title='bbox 1647 3953 1675 4018; x_wconf 92' lang='lat'>1.</span> <span class='ocrx_word' id='word_1_369' title='bbox 1702 3949 1731 4016; x_wconf 95' lang='lat' dir='ltr'>le</span> <span class='ocrx_word' id='word_1_370' title='bbox 1748 3952 1844 4041; x_wconf 86' lang='lat' dir='ltr'>Myre</span> <span class='ocrx_word' id='word_1_371' title='bbox 1862 3972 1951 4019; x_wconf 86' lang='lat' dir='ltr'>mer--</span> 
     </span>
     <span class='ocr_line' id='line_1_37' title="bbox 361 4049 1942 4162; baseline -0.001 -44"><span class='ocrx_word' id='word_1_372' title='bbox 361 4084 492 4162; x_wconf 47' lang='lat' dir='ltr'>mg„</span> <span class='ocrx_word' id='word_1_373' title='bbox 527 4070 615 4119; x_wconf 87' lang='lat' dir='ltr'>cator</span> <span class='ocrx_word' id='word_1_374' title='bbox 630 4052 672 4117; x_wconf 87' lang='lat' dir='ltr'>ita</span> <span class='ocrx_word' id='word_1_375' title='bbox 696 4049 775 4118; x_wconf 88' lang='lat' dir='ltr'>dato</span> <span class='ocrx_word' id='word_1_376' title='bbox 799 4051 1025 4120; x_wconf 91' lang='lat' dir='ltr'>medicamento</span> <span class='ocrx_word' id='word_1_377' title='bbox 1042 4076 1107 4120; x_wconf 93' lang='lat' dir='ltr'>non</span> <span class='ocrx_word' id='word_1_378' title='bbox 1133 4051 1275 4120; x_wconf 91' lang='lat' dir='ltr'>multum</span> <span class='ocrx_word' id='word_1_379' title='bbox 1294 4050 1364 4145; x_wconf 89' lang='lat' dir='ltr'>post</span> <span class='ocrx_word' id='word_1_380' title='bbox 1389 4053 1557 4129; x_wconf 84' lang='lat' dir='ltr'>interiere.</span> <span class='ocrx_word' id='word_1_381' title='bbox 1582 4053 1628 4122; x_wconf 80' lang='lat' dir='ltr'>At</span> <span class='ocrx_word' id='word_1_382' title='bbox 1653 4050 1756 4146; x_wconf 88' lang='lat' dir='ltr'>turpis</span> <span class='ocrx_word' id='word_1_383' title='bbox 1779 4049 1942 4117; x_wconf 86' lang='lat' dir='ltr'>calamitas</span> 
     </span>
     <span class='ocr_line' id='line_1_38' title="bbox 310 4145 1589 4246; baseline 0.001 -31"><span class='ocrx_word' id='word_1_384' title='bbox 310 4176 316 4185; x_wconf 85' lang='grc'><em>·</em></span> <span class='ocrx_word' id='word_1_385' title='bbox 360 4162 469 4229; x_wconf 62' lang='lat' dir='ltr'>m..</span> <span class='ocrx_word' id='word_1_386' title='bbox 525 4145 570 4215; x_wconf 88' lang='lat' dir='ltr'>est</span> <span class='ocrx_word' id='word_1_387' title='bbox 592 4149 670 4214; x_wconf 90' lang='lat' dir='ltr'>dato</span> <span class='ocrx_word' id='word_1_388' title='bbox 693 4149 921 4226; x_wconf 87' lang='lat' dir='ltr'>medicamento</span> <span class='ocrx_word' id='word_1_389' title='bbox 944 4170 1067 4243; x_wconf 80' lang='lat' dir='ltr'>agrum</span> <span class='ocrx_word' id='word_1_390' title='bbox 1090 4152 1216 4219; x_wconf 86' lang='lat' dir='ltr'>interire</span> <span class='ocrx_word' id='word_1_391' title='bbox 1240 4197 1251 4227; x_wconf 91' lang='lat'>‚</span> <span class='ocrx_word' id='word_1_392' title='bbox 1275 4153 1322 4217; x_wconf 91' lang='lat' dir='ltr'>ait</span> <span class='ocrx_word' id='word_1_393' title='bbox 1345 4152 1589 4246; x_wconf 86' lang='lat' dir='ltr'>Hippocrates.</span> 
     </span>
     <span class='ocr_line' id='line_1_39' title="bbox 361 4242 1939 4343; baseline 0.003 -33"><span class='ocrx_word' id='word_1_394' title='bbox 361 4267 428 4310; x_wconf 73' lang='lat' dir='ltr'>run</span> <span class='ocrx_word' id='word_1_395' title='bbox 577 4246 712 4315; x_wconf 90' lang='lat' dir='ltr'>Neronii</span> <span class='ocrx_word' id='word_1_396' title='bbox 726 4250 817 4314; x_wconf 83' lang='lat' dir='ltr'>uxori</span> <span class='ocrx_word' id='word_1_397' title='bbox 831 4265 942 4316; x_wconf 91' lang='lat' dir='ltr'>tumor</span> <span class='ocrx_word' id='word_1_398' title='bbox 959 4244 1040 4316; x_wconf 80' lang='lat' dir='ltr'>infra</span> <span class='ocrx_word' id='word_1_399' title='bbox 1064 4271 1237 4316; x_wconf 88' lang='lat' dir='ltr'>mammam</span> <span class='ocrx_word' id='word_1_400' title='bbox 1251 4248 1419 4316; x_wconf 81' lang='lat' dir='ltr'>dextram.</span> <span class='ocrx_word' id='word_1_401' title='bbox 1445 4243 1535 4318; x_wconf 85' lang='lat' dir='ltr'>Falso</span> <span class='ocrx_word' id='word_1_402' title='bbox 1557 4242 1791 4343; x_wconf 85' lang='lat' dir='ltr'>suspicabamur</span> <span class='ocrx_word' id='word_1_403' title='bbox 1811 4243 1939 4340; x_wconf 86' lang='lat' dir='ltr'>aliquid</span> 
     </span>
     <span class='ocr_line' id='line_1_40' title="bbox 362 4332 1959 4445; baseline 0.004 -36"><span class='ocrx_word' id='word_1_404' title='bbox 362 4332 460 4409; x_wconf 52' lang='lat' dir='ltr'>“sul</span> <span class='ocrx_word' id='word_1_405' title='bbox 526 4342 584 4415; x_wconf 84' lang='lat' dir='ltr'>esic</span> <span class='ocrx_word' id='word_1_406' title='bbox 600 4365 767 4415; x_wconf 84' lang='lat' dir='ltr'>venereum</span> <span class='ocrx_word' id='word_1_407' title='bbox 776 4392 792 4420; x_wconf 90' lang='grc'>.,</span> <span class='ocrx_word' id='word_1_408' title='bbox 812 4343 1027 4445; x_wconf 87' lang='lat' dir='ltr'>Emplastrum</span> <span class='ocrx_word' id='word_1_409' title='bbox 1045 4348 1227 4440; x_wconf 89' lang='lat' dir='ltr'>Vigonium</span> <span class='ocrx_word' id='word_1_410' title='bbox 1244 4345 1440 4442; x_wconf 86' lang='lat' dir='ltr'>applicatum</span> <span class='ocrx_word' id='word_1_411' title='bbox 1463 4344 1525 4416; x_wconf 88' lang='lat' dir='ltr'>est.</span> <span class='ocrx_word' id='word_1_412' title='bbox 1551 4346 1657 4418; x_wconf 89' lang='lat' dir='ltr'>Nullo</span> <span class='ocrx_word' id='word_1_413' title='bbox 1672 4342 1846 4445; x_wconf 67' lang='lat' dir='ltr'>prosesbu.</span> <span class='ocrx_word' id='word_1_414' title='bbox 1872 4346 1959 4416; x_wconf 77' lang='lat' dir='ltr'>Tu·-</span> 
     </span>
     <span class='ocr_line' id='line_1_41' title="bbox 527 4436 1946 4545; baseline 0.001 -33"><span class='ocrx_word' id='word_1_415' title='bbox 527 4464 599 4512; x_wconf 88' lang='lat' dir='ltr'>mor</span> <span class='ocrx_word' id='word_1_416' title='bbox 621 4460 689 4513; x_wconf 89' lang='lat' dir='ltr'>crat</span> <span class='ocrx_word' id='word_1_417' title='bbox 713 4438 869 4537; x_wconf 83' lang='lat' dir='ltr'>frigidus.</span> <span class='ocrx_word' id='word_1_418' title='bbox 894 4443 985 4514; x_wconf 65' lang='lat' dir='ltr'>Sceta</span> <span class='ocrx_word' id='word_1_419' title='bbox 1002 4467 1109 4523; x_wconf 87' lang='lat' dir='ltr'>vena,</span> <span class='ocrx_word' id='word_1_420' title='bbox 1134 4445 1229 4515; x_wconf 88' lang='lat' dir='ltr'>credo</span> <span class='ocrx_word' id='word_1_421' title='bbox 1250 4444 1338 4538; x_wconf 93' lang='lat' dir='ltr'>quod</span> <span class='ocrx_word' id='word_1_422' title='bbox 1354 4445 1447 4514; x_wconf 91' lang='lat' dir='ltr'>nullo</span> <span class='ocrx_word' id='word_1_423' title='bbox 1464 4442 1627 4545; x_wconf 67' lang='lat' dir='ltr'>prosestu.</span> <span class='ocrx_word' id='word_1_424' title='bbox 1649 4450 1690 4516; x_wconf 88' lang='lat' dir='ltr'>Et</span> <span class='ocrx_word' id='word_1_425' title='bbox 1706 4447 1728 4513; x_wconf 91' lang='lat' dir='ltr'>sr</span> <span class='ocrx_word' id='word_1_426' title='bbox 1745 4464 1863 4513; x_wconf 90' lang='lat' dir='ltr'>natura</span> <span class='ocrx_word' id='word_1_427' title='bbox 1869 4436 1946 4542; x_wconf 88' lang='lat' dir='ltr'>sup-</span> 
     </span>
     <span class='ocr_line' id='line_1_42' title="bbox 364 4538 1943 4648; baseline 0 -33"><span class='ocrx_word' id='word_1_428' title='bbox 364 4562 400 4615; x_wconf 74' lang='lat'>1»</span> <span class='ocrx_word' id='word_1_429' title='bbox 416 4555 502 4618; x_wconf 73' lang='lat' dir='ltr'>morl.</span> <span class='ocrx_word' id='word_1_430' title='bbox 530 4557 684 4638; x_wconf 68' lang='lat' dir='ltr'>puratum</span> <span class='ocrx_word' id='word_1_431' title='bbox 699 4544 853 4622; x_wconf 79' lang='lat' dir='ltr'>molitur,</span> <span class='ocrx_word' id='word_1_432' title='bbox 877 4546 961 4613; x_wconf 88' lang='lat' dir='ltr'>idern</span> <span class='ocrx_word' id='word_1_433' title='bbox 977 4546 1116 4614; x_wconf 88' lang='lat' dir='ltr'>retardat</span> <span class='ocrx_word' id='word_1_434' title='bbox 1139 4538 1372 4642; x_wconf 89' lang='lat' dir='ltr'>phlebotomia.</span> <span class='ocrx_word' id='word_1_435' title='bbox 1398 4545 1462 4614; x_wconf 87' lang='lat' dir='ltr'>Pus</span> <span class='ocrx_word' id='word_1_436' title='bbox 1485 4562 1721 4648; x_wconf 86' lang='lat' dir='ltr'>procuratum.</span> <span class='ocrx_word' id='word_1_437' title='bbox 1747 4543 1943 4615; x_wconf 87' lang='lat' dir='ltr'>Convaluit.</span> 
     </span>
     <span class='ocr_line' id='line_1_43' title="bbox 361 4636 1943 4739; baseline 0.001 -25"><span class='ocrx_word' id='word_1_438' title='bbox 361 4641 504 4735; x_wconf 54' lang='lat' dir='ltr'>principiis</span> <span class='ocrx_word' id='word_1_439' title='bbox 535 4702 538 4708; x_wconf 94' lang='lat'>.</span> <span class='ocrx_word' id='word_1_440' title='bbox 578 4643 647 4712; x_wconf 82' lang='lat' dir='ltr'>Sia</span> <span class='ocrx_word' id='word_1_441' title='bbox 670 4636 791 4713; x_wconf 89' lang='lat' dir='ltr'>viribus</span> <span class='ocrx_word' id='word_1_442' title='bbox 812 4637 951 4713; x_wconf 90' lang='lat' dir='ltr'>sumitur</span> <span class='ocrx_word' id='word_1_443' title='bbox 973 4645 1143 4721; x_wconf 88' lang='lat' dir='ltr'>indicatio,</span> <span class='ocrx_word' id='word_1_444' title='bbox 1168 4640 1248 4713; x_wconf 86' lang='lat' dir='ltr'>sorte</span> <span class='ocrx_word' id='word_1_445' title='bbox 1262 4644 1294 4712; x_wconf 92' lang='lat' dir='ltr'>id</span> <span class='ocrx_word' id='word_1_446' title='bbox 1310 4640 1402 4719; x_wconf 86' lang='lat' dir='ltr'>fallax</span> <span class='ocrx_word' id='word_1_447' title='bbox 1426 4643 1498 4714; x_wconf 88' lang='lat' dir='ltr'>cst.</span> <span class='ocrx_word' id='word_1_448' title='bbox 1525 4646 1614 4715; x_wconf 88' lang='lat' dir='ltr'>Nam</span> <span class='ocrx_word' id='word_1_449' title='bbox 1640 4646 1785 4715; x_wconf 89' lang='lat' dir='ltr'>videmus</span> <span class='ocrx_word' id='word_1_450' title='bbox 1808 4636 1886 4739; x_wconf 80' lang='lat' dir='ltr'>sape</span> <span class='ocrx_word' id='word_1_451' title='bbox 1910 4650 1943 4715; x_wconf 91' lang='lat' dir='ltr'>in</span> 
     </span>
     <span class='ocr_line' id='line_1_44' title="bbox 364 4724 1948 4839; baseline 0.004 -32"><span class='ocrx_word' id='word_1_452' title='bbox 364 4724 480 4780; x_wconf 59' lang='lat' dir='ltr'>&#39;‘m“</span> <span class='ocrx_word' id='word_1_453' title='bbox 528 4741 627 4837; x_wconf 89' lang='lat' dir='ltr'>princi</span> <span class='ocrx_word' id='word_1_454' title='bbox 635 4762 693 4836; x_wconf 81' lang='lat' dir='ltr'>pus</span> <span class='ocrx_word' id='word_1_455' title='bbox 705 4735 894 4811; x_wconf 90' lang='lat' dir='ltr'>morborum</span> <span class='ocrx_word' id='word_1_456' title='bbox 912 4748 947 4812; x_wconf 79' lang='grc' dir='ltr'>δι</span> <span class='ocrx_word' id='word_1_457' title='bbox 971 4738 1080 4839; x_wconf 89' lang='lat' dir='ltr'>pulsus</span> <span class='ocrx_word' id='word_1_458' title='bbox 1094 4742 1364 4824; x_wconf 82' lang='lat' dir='ltr'>intermiffionem,</span> <span class='ocrx_word' id='word_1_459' title='bbox 1389 4749 1423 4812; x_wconf 80' lang='grc' dir='ltr'>δι</span> <span class='ocrx_word' id='word_1_460' title='bbox 1446 4741 1691 4837; x_wconf 72' lang='lat' dir='ltr'>inequalitatem</span> <span class='ocrx_word' id='word_1_461' title='bbox 1705 4737 1884 4812; x_wconf 87' lang='lat' dir='ltr'>summam:</span> <span class='ocrx_word' id='word_1_462' title='bbox 1909 4750 1948 4815; x_wconf 75' lang='lat' dir='ltr'>dc</span> 
     </span>
    </p>
   </div>
   <div class='ocr_carea' id='block_1_5' title="bbox 368 4800 1944 4946">
    <p class='ocr_par' dir='ltr' id='par_1_6' title="bbox 368 4800 1944 4946">
     <span class='ocr_line' id='line_1_45' title="bbox 368 4800 1944 4946; baseline -0.011 -32"><span class='ocrx_word' id='word_1_463' title='bbox 368 4800 491 4946; x_wconf 47' lang='grc' dir='ltr'>επ</span> <span class='ocrx_word' id='word_1_464' title='bbox 528 4858 633 4908; x_wconf 87' lang='lat' dir='ltr'>tamen</span> <span class='ocrx_word' id='word_1_465' title='bbox 642 4838 794 4914; x_wconf 67' lang='lat' dir='ltr'>sudaster</span> <span class='ocrx_word' id='word_1_466' title='bbox 813 4844 963 4937; x_wconf 85' lang='lat' dir='ltr'>purgatio</span> <span class='ocrx_word' id='word_1_467' title='bbox 982 4839 1174 4919; x_wconf 85' lang='lat' dir='ltr'>instituitur,</span> <span class='ocrx_word' id='word_1_468' title='bbox 1200 4847 1235 4910; x_wconf 79' lang='lat' dir='ltr'>dc</span> <span class='ocrx_word' id='word_1_469' title='bbox 1250 4862 1335 4911; x_wconf 80' lang='lat' dir='ltr'>vena</span> <span class='ocrx_word' id='word_1_470' title='bbox 1359 4835 1471 4909; x_wconf 69' lang='lat' dir='ltr'>scuto.</span> <span class='ocrx_word' id='word_1_471' title='bbox 1500 4842 1553 4909; x_wconf 80' lang='lat' dir='ltr'>Au</span> <span class='ocrx_word' id='word_1_472' title='bbox 1570 4841 1631 4909; x_wconf 92' lang='lat' dir='ltr'>hoc</span> <span class='ocrx_word' id='word_1_473' title='bbox 1648 4861 1721 4919; x_wconf 90' lang='lat' dir='ltr'>tuto</span> <span class='ocrx_word' id='word_1_474' title='bbox 1736 4845 1795 4912; x_wconf 72' lang='lat' dir='ltr'>fit?</span> <span class='ocrx_word' id='word_1_475' title='bbox 1822 4835 1944 4939; x_wconf 77' lang='lat' dir='ltr'>ilbop.</span> 
     </span>
    </p>
   </div>
   <div class='ocr_carea' id='block_1_6' title="bbox 288 4936 1943 5043">
    <p class='ocr_par' dir='ltr' id='par_1_7' title="bbox 288 4936 1943 5043">
     <span class='ocr_line' id='line_1_46' title="bbox 288 4936 1943 5043; baseline 0.008 -44"><span class='ocrx_word' id='word_1_476' title='bbox 288 4991 313 4999; x_wconf 84' lang='lat'>..</span> <span class='ocrx_word' id='word_1_477' title='bbox 363 4966 503 5043; x_wconf 54' lang='lat' dir='ltr'>mg„</span> <span class='ocrx_word' id='word_1_478' title='bbox 527 4936 678 5034; x_wconf 71' lang='lat' dir='ltr'>pressione</span> <span class='ocrx_word' id='word_1_479' title='bbox 692 4942 798 5038; x_wconf 82' lang='lat' dir='ltr'>potius</span> <span class='ocrx_word' id='word_1_480' title='bbox 820 4937 864 5012; x_wconf 84' lang='lat' dir='ltr'>est</span> <span class='ocrx_word' id='word_1_481' title='bbox 878 4962 915 5015; x_wconf 82' lang='lat' dir='ltr'>ea</span> <span class='ocrx_word' id='word_1_482' title='bbox 928 4940 1129 5036; x_wconf 60' lang='lat' dir='ltr'>ammiras,</span> <span class='ocrx_word' id='word_1_483' title='bbox 1153 4939 1287 5038; x_wconf 86' lang='lat' dir='ltr'>proinde</span> <span class='ocrx_word' id='word_1_484' title='bbox 1310 4957 1423 5035; x_wconf 70' lang='lat' dir='ltr'>natum</span> <span class='ocrx_word' id='word_1_485' title='bbox 1447 4939 1643 5014; x_wconf 80' lang='lat' dir='ltr'>deonctauda</span> <span class='ocrx_word' id='word_1_486' title='bbox 1658 4941 1701 5014; x_wconf 83' lang='lat' dir='ltr'>eli</span> <span class='ocrx_word' id='word_1_487' title='bbox 1713 4989 1727 5024; x_wconf 88' lang='lat'>,</span> <span class='ocrx_word' id='word_1_488' title='bbox 1749 4960 1787 5013; x_wconf 88' lang='lat' dir='ltr'>ut</span> <span class='ocrx_word' id='word_1_489' title='bbox 1813 4944 1943 5012; x_wconf 87' lang='lat' dir='ltr'>recreari</span> 
     </span>
    </p>
   </div>
   <div class='ocr_carea' id='block_1_7' title="bbox 1817 5038 1896 5111">
    <p class='ocr_par' dir='ltr' id='par_1_8' title="bbox 1817 5038 1896 5111">
     <span class='ocr_line' id='line_1_47' title="bbox 1817 5038 1896 5111; baseline 0.076 -6"><span class='ocrx_word' id='word_1_490' title='bbox 1817 5038 1896 5111; x_wconf 77' lang='lat' dir='ltr'>Filr‘a</span> 
     </span>
    </p>
   </div>
   <div class='ocr_carea' id='block_1_8' title="bbox 361 5032 637 5133">
    <p class='ocr_par' dir='ltr' id='par_1_9' title="bbox 361 5032 637 5133">
     <span class='ocr_line' id='line_1_48' title="bbox 361 5032 637 5133; baseline -0.014 -24"><span class='ocrx_word' id='word_1_491' title='bbox 361 5065 417 5117; x_wconf 57' lang='grc' dir='ltr'>ι...</span> <span class='ocrx_word' id='word_1_492' title='bbox 525 5032 637 5133; x_wconf 72' lang='lat' dir='ltr'>pm.</span> 
     </span>
    </p>
   </div>
   <div class='ocr_carea' id='block_1_9' title="bbox 0 0 2291 5844">
    <p class='ocr_par' dir='ltr' id='par_1_10' title="bbox 0 0 2291 5844">
     <span class='ocr_line' id='line_1_49' title="bbox 0 0 2291 5844; baseline 0 0"><span class='ocrx_word' id='word_1_493' title='bbox 0 0 2291 5844; x_wconf 95' lang='lat' dir='ltr'> </span> 
     </span>
    </p>
   </div>
  </div>
 </body>
</html>
