<?xml version="1.0" encoding="UTF-8"?>
<!DOCTYPE html PUBLIC "-//W3C//DTD XHTML 1.0 Transitional//EN"
    "http://www.w3.org/TR/xhtml1/DTD/xhtml1-transitional.dtd">
<html xmlns="http://www.w3.org/1999/xhtml" xml:lang="en" lang="en">
 <head>
  <title>
</title>
<meta http-equiv="Content-Type" content="text/html;charset=utf-8" />
  <meta name='ocr-system' content='tesseract 3.04.00' />
  <meta name='ocr-capabilities' content='ocr_page ocr_carea ocr_par ocr_line ocrx_word'/>
</head>
<body>
  <div class='ocr_page' id='page_1' title='image "./operaomniamedic00thgoog/operaomniamedic00thgoog_0232.png"; bbox 0 0 4534 5850; ppageno 0'>
   <div class='ocr_carea' id='block_1_1' title="bbox 590 390 1635 536">
    <p class='ocr_par' dir='ltr' id='par_1_1' title="bbox 590 390 1635 536">
     <span class='ocr_line' id='line_1_1' title="bbox 590 390 1635 536; baseline 0.004 -17"><span class='ocrx_word' id='word_1_1' title='bbox 590 474 662 523; x_wconf 85' lang='lat'>200</span> <span class='ocrx_word' id='word_1_2' title='bbox 890 390 1635 536; x_wconf 66' lang='lat' dir='ltr'>contestariorum</span> 
     </span>
    </p>
   </div>
   <div class='ocr_carea' id='block_1_2' title="bbox 492 593 1950 2477">
    <p class='ocr_par' dir='ltr' id='par_1_2' title="bbox 492 593 1950 2477">
     <span class='ocr_line' id='line_1_2' title="bbox 520 593 1936 706; baseline -0.001 -31"><span class='ocrx_word' id='word_1_3' title='bbox 520 598 960 706; x_wconf 75' lang='lat' dir='ltr'>borygmos,in1posteriore</span> <span class='ocrx_word' id='word_1_4' title='bbox 983 603 1110 680; x_wconf 84' lang='lat' dir='ltr'>nullus,</span> <span class='ocrx_word' id='word_1_5' title='bbox 1134 619 1174 672; x_wconf 88' lang='lat' dir='ltr'>ut</span> <span class='ocrx_word' id='word_1_6' title='bbox 1197 617 1304 695; x_wconf 88' lang='lat' dir='ltr'>quum</span> <span class='ocrx_word' id='word_1_7' title='bbox 1329 594 1464 669; x_wconf 88' lang='lat' dir='ltr'>scirrhus</span> <span class='ocrx_word' id='word_1_8' title='bbox 1488 599 1531 671; x_wconf 84' lang='lat' dir='ltr'>cst</span> <span class='ocrx_word' id='word_1_9' title='bbox 1555 619 1611 672; x_wconf 84' lang='lat' dir='ltr'>aut</span> <span class='ocrx_word' id='word_1_10' title='bbox 1638 593 1786 679; x_wconf 82' lang='lat' dir='ltr'>visceris,</span> <span class='ocrx_word' id='word_1_11' title='bbox 1805 593 1936 673; x_wconf 62' lang='lat' dir='ltr'>antab&#39;i</span> 
     </span>
     <span class='ocr_line' id='line_1_3' title="bbox 524 693 1937 795; baseline -0.011 -22"><span class='ocrx_word' id='word_1_12' title='bbox 524 705 683 773; x_wconf 86' lang='lat' dir='ltr'>dominis.</span> <span class='ocrx_word' id='word_1_13' title='bbox 709 707 799 774; x_wconf 80' lang='lat' dir='ltr'>Etsi</span> <span class='ocrx_word' id='word_1_14' title='bbox 823 705 924 775; x_wconf 81' lang='lat' dir='ltr'>deca</span> <span class='ocrx_word' id='word_1_15' title='bbox 972 727 1020 774; x_wconf 78' lang='lat' dir='ltr'>ua</span> <span class='ocrx_word' id='word_1_16' title='bbox 1044 724 1147 771; x_wconf 87' lang='lat' dir='ltr'>recens</span> <span class='ocrx_word' id='word_1_17' title='bbox 1172 717 1249 769; x_wconf 86' lang='lat' dir='ltr'>nata</span> <span class='ocrx_word' id='word_1_18' title='bbox 1273 696 1322 768; x_wconf 86' lang='lat' dir='ltr'>est.</span> <span class='ocrx_word' id='word_1_19' title='bbox 1340 704 1410 792; x_wconf 84' lang='lat' dir='ltr'>agit</span> <span class='ocrx_word' id='word_1_20' title='bbox 1437 695 1629 795; x_wconf 80' lang='lat' dir='ltr'>Aphorisno</span> <span class='ocrx_word' id='word_1_21' title='bbox 1656 723 1715 787; x_wconf 78' lang='lat'>73.</span> <span class='ocrx_word' id='word_1_22' title='bbox 1736 693 1794 768; x_wconf 84' lang='lat' dir='ltr'>lib.</span> <span class='ocrx_word' id='word_1_23' title='bbox 1817 728 1850 786; x_wconf 82' lang='lat'>4.</span> <span class='ocrx_word' id='word_1_24' title='bbox 1868 703 1937 772; x_wconf 78' lang='lat' dir='ltr'>Vc.</span> 
     </span>
     <span class='ocr_line' id='line_1_4' title="bbox 516 795 1946 898; baseline 0.001 -28"><span class='ocrx_word' id='word_1_25' title='bbox 516 825 596 870; x_wconf 90' lang='lat' dir='ltr'>-rum</span> <span class='ocrx_word' id='word_1_26' title='bbox 620 803 750 896; x_wconf 88' lang='lat' dir='ltr'>quidem</span> <span class='ocrx_word' id='word_1_27' title='bbox 774 803 819 872; x_wconf 88' lang='lat' dir='ltr'>est</span> <span class='ocrx_word' id='word_1_28' title='bbox 843 803 939 873; x_wconf 80' lang='lat' dir='ltr'>adesse</span> <span class='ocrx_word' id='word_1_29' title='bbox 1008 795 1231 892; x_wconf 76' lang='lat' dir='ltr'>rborygmon:</span> <span class='ocrx_word' id='word_1_30' title='bbox 1265 799 1290 864; x_wconf 81' lang='lat' dir='ltr'>si</span> <span class='ocrx_word' id='word_1_31' title='bbox 1318 796 1358 865; x_wconf 95' lang='lat' dir='ltr'>de</span> <span class='ocrx_word' id='word_1_32' title='bbox 1380 799 1442 866; x_wconf 84' lang='lat' dir='ltr'>alia</span> <span class='ocrx_word' id='word_1_33' title='bbox 1466 822 1538 892; x_wconf 83' lang='lat' dir='ltr'>qua</span> <span class='ocrx_word' id='word_1_34' title='bbox 1564 801 1603 868; x_wconf 88' lang='lat' dir='ltr'>ad</span> <span class='ocrx_word' id='word_1_35' title='bbox 1630 800 1831 898; x_wconf 84' lang='lat' dir='ltr'>tympaniam</span> <span class='ocrx_word' id='word_1_36' title='bbox 1865 821 1946 872; x_wconf 61' lang='lat' dir='ltr'>vet..</span> 
     </span>
     <span class='ocr_line' id='line_1_5' title="bbox 513 892 1942 998; baseline 0 -30"><span class='ocrx_word' id='word_1_37' title='bbox 513 902 594 992; x_wconf 77' lang='lat' dir='ltr'>¹git,</span> <span class='ocrx_word' id='word_1_38' title='bbox 616 907 684 992; x_wconf 85' lang='lat' dir='ltr'>agit</span> <span class='ocrx_word' id='word_1_39' title='bbox 706 899 889 998; x_wconf 76' lang='lat' dir='ltr'>aphorifino</span> <span class='ocrx_word' id='word_1_40' title='bbox 912 902 1082 971; x_wconf 89' lang='lat' dir='ltr'>undecimo</span> <span class='ocrx_word' id='word_1_41' title='bbox 1106 893 1163 966; x_wconf 82' lang='lat' dir='ltr'>lib</span> <span class='ocrx_word' id='word_1_42' title='bbox 1177 920 1210 979; x_wconf 78' lang='lat'>4.</span> <span class='ocrx_word' id='word_1_43' title='bbox 1237 915 1276 963; x_wconf 87' lang='lat' dir='ltr'>ut</span> <span class='ocrx_word' id='word_1_44' title='bbox 1293 918 1367 988; x_wconf 85' lang='lat' dir='ltr'>qua</span> <span class='ocrx_word' id='word_1_45' title='bbox 1382 892 1427 963; x_wconf 93' lang='lat' dir='ltr'>ob</span> <span class='ocrx_word' id='word_1_46' title='bbox 1453 893 1581 963; x_wconf 61' lang='lat' dir='ltr'>&amp;down</span> <span class='ocrx_word' id='word_1_47' title='bbox 1606 892 1942 976; x_wconf 62' lang='lat' dir='ltr'>sinantiascatur,</span> 
     </span>
     <span class='ocr_line' id='line_1_6' title="bbox 517 989 1941 1092; baseline 0 -26"><span class='ocrx_word' id='word_1_48' title='bbox 517 1020 575 1066; x_wconf 84' lang='lat' dir='ltr'>cut</span> <span class='ocrx_word' id='word_1_49' title='bbox 599 1020 669 1065; x_wconf 90' lang='lat' dir='ltr'>eam</span> <span class='ocrx_word' id='word_1_50' title='bbox 694 1023 805 1071; x_wconf 85' lang='lat' dir='ltr'>vacare</span> <span class='ocrx_word' id='word_1_51' title='bbox 829 1023 998 1070; x_wconf 89' lang='lat' dir='ltr'>murmure</span> <span class='ocrx_word' id='word_1_52' title='bbox 1021 1007 1095 1068; x_wconf 67' lang='lat' dir='ltr'>ait?</span> <span class='ocrx_word' id='word_1_53' title='bbox 1125 995 1199 1066; x_wconf 83' lang='lat' dir='ltr'>Nisi</span> <span class='ocrx_word' id='word_1_54' title='bbox 1225 989 1304 1063; x_wconf 87' lang='lat' dir='ltr'>sorte</span> <span class='ocrx_word' id='word_1_55' title='bbox 1328 994 1402 1064; x_wconf 85' lang='lat' dir='ltr'>velit</span> <span class='ocrx_word' id='word_1_56' title='bbox 1425 998 1458 1061; x_wconf 93' lang='lat' dir='ltr'>in</span> <span class='ocrx_word' id='word_1_57' title='bbox 1483 1014 1644 1088; x_wconf 85' lang='lat' dir='ltr'>utraque,</span> <span class='ocrx_word' id='word_1_58' title='bbox 1682 1001 1717 1066; x_wconf 90' lang='lat'>&amp;</span> <span class='ocrx_word' id='word_1_59' title='bbox 1741 1004 1775 1066; x_wconf 90' lang='lat' dir='ltr'>in</span> <span class='ocrx_word' id='word_1_60' title='bbox 1800 1020 1836 1068; x_wconf 86' lang='lat' dir='ltr'>ea</span> <span class='ocrx_word' id='word_1_61' title='bbox 1863 1022 1941 1092; x_wconf 85' lang='lat' dir='ltr'>qua:</span> 
     </span>
     <span class='ocr_line' id='line_1_7' title="bbox 517 1086 1943 1191; baseline -0.001 -25"><span class='ocrx_word' id='word_1_62' title='bbox 517 1098 723 1167; x_wconf 81' lang='lat' dir='ltr'>inveteratam</span> <span class='ocrx_word' id='word_1_63' title='bbox 748 1101 945 1169; x_wconf 69' lang='lat' dir='ltr'>affestionem</span> <span class='ocrx_word' id='word_1_64' title='bbox 972 1093 1136 1191; x_wconf 89' lang='lat' dir='ltr'>sequitur,</span> <span class='ocrx_word' id='word_1_65' title='bbox 1161 1096 1312 1162; x_wconf 84' lang='lat' dir='ltr'>&amp;inea</span> <span class='ocrx_word' id='word_1_66' title='bbox 1337 1115 1412 1186; x_wconf 73' lang='lat' dir='ltr'>qux</span> <span class='ocrx_word' id='word_1_67' title='bbox 1436 1086 1744 1190; x_wconf 64' lang='lat' dir='ltr'>neieacnm&#39;unanr</span> <span class='ocrx_word' id='word_1_68' title='bbox 1767 1092 1943 1190; x_wconf 75' lang='lat' dir='ltr'>agnoscit,</span> 
     </span>
     <span class='ocr_line' id='line_1_8' title="bbox 518 1185 1937 1290; baseline 0.001 -29"><span class='ocrx_word' id='word_1_69' title='bbox 518 1197 614 1264; x_wconf 89' lang='lat' dir='ltr'>initio</span> <span class='ocrx_word' id='word_1_70' title='bbox 638 1197 769 1290; x_wconf 88' lang='lat' dir='ltr'>quidem</span> <span class='ocrx_word' id='word_1_71' title='bbox 794 1194 1037 1276; x_wconf 67' lang='grc' dir='ltr'>πνιῦμιφυσᾶδις</span> <span class='ocrx_word' id='word_1_72' title='bbox 1061 1193 1147 1270; x_wconf 86' lang='lat' dir='ltr'>else,</span> <span class='ocrx_word' id='word_1_73' title='bbox 1179 1185 1230 1259; x_wconf 90' lang='lat' dir='ltr'>sed</span> <span class='ocrx_word' id='word_1_74' title='bbox 1255 1191 1365 1260; x_wconf 83' lang='lat' dir='ltr'>inilia</span> <span class='ocrx_word' id='word_1_75' title='bbox 1390 1215 1455 1259; x_wconf 91' lang='lat' dir='ltr'>non</span> <span class='ocrx_word' id='word_1_76' title='bbox 1480 1190 1576 1260; x_wconf 80' lang='lat' dir='ltr'>adesse</span> <span class='ocrx_word' id='word_1_77' title='bbox 1608 1215 1787 1273; x_wconf 85' lang='lat' dir='ltr'>murmur,</span> <span class='ocrx_word' id='word_1_78' title='bbox 1817 1197 1849 1261; x_wconf 90' lang='lat' dir='ltr'>in</span> <span class='ocrx_word' id='word_1_79' title='bbox 1875 1196 1937 1262; x_wconf 85' lang='lat' dir='ltr'>hac</span> 
     </span>
     <span class='ocr_line' id='line_1_9' title="bbox 520 1286 1939 1393; baseline -0.001 -30"><span class='ocrx_word' id='word_1_80' title='bbox 520 1292 651 1373; x_wconf 81' lang='lat' dir='ltr'>adesse,</span> <span class='ocrx_word' id='word_1_81' title='bbox 673 1297 764 1391; x_wconf 84' lang='lat' dir='ltr'>quasi</span> <span class='ocrx_word' id='word_1_82' title='bbox 785 1321 851 1365; x_wconf 90' lang='lat' dir='ltr'>non</span> <span class='ocrx_word' id='word_1_83' title='bbox 877 1294 968 1393; x_wconf 79' lang='lat' dir='ltr'>possit</span> <span class='ocrx_word' id='word_1_84' title='bbox 992 1293 1058 1362; x_wconf 81' lang='lat' dir='ltr'>ulla</span> <span class='ocrx_word' id='word_1_85' title='bbox 1083 1287 1262 1361; x_wconf 85' lang='lat' dir='ltr'>abdominis</span> <span class='ocrx_word' id='word_1_86' title='bbox 1287 1289 1441 1358; x_wconf 69' lang='lat' dir='ltr'>‘distensio</span> <span class='ocrx_word' id='word_1_87' title='bbox 1476 1290 1533 1360; x_wconf 88' lang='lat' dir='ltr'>esse</span> <span class='ocrx_word' id='word_1_88' title='bbox 1556 1286 1845 1365; x_wconf 77' lang='lat' dir='ltr'>¹notitmeinorabist&#39;s</span> <span class='ocrx_word' id='word_1_89' title='bbox 1871 1295 1939 1361; x_wconf 88' lang='lat' dir='ltr'>sine</span> 
     </span>
     <span class='ocr_line' id='line_1_10' title="bbox 517 1383 1937 1489; baseline -0.003 -27"><span class='ocrx_word' id='word_1_90' title='bbox 517 1393 632 1488; x_wconf 83' lang='lat' dir='ltr'>aliquo</span> <span class='ocrx_word' id='word_1_91' title='bbox 655 1412 805 1464; x_wconf 84' lang='lat' dir='ltr'>contento</span> <span class='ocrx_word' id='word_1_92' title='bbox 830 1395 929 1465; x_wconf 83' lang='lat' dir='ltr'>flatu.</span> <span class='ocrx_word' id='word_1_93' title='bbox 954 1396 1168 1489; x_wconf 82' lang='lat' dir='ltr'>Quamquam</span> <span class='ocrx_word' id='word_1_94' title='bbox 1192 1411 1290 1488; x_wconf 86' lang='lat' dir='ltr'>prava</span> <span class='ocrx_word' id='word_1_95' title='bbox 1314 1383 1473 1486; x_wconf 80' lang='lat' dir='ltr'>dispositio</span> <span class='ocrx_word' id='word_1_96' title='bbox 1497 1407 1554 1456; x_wconf 89' lang='lat' dir='ltr'>aut</span> <span class='ocrx_word' id='word_1_97' title='bbox 1579 1385 1714 1460; x_wconf 79' lang='lat' dir='ltr'>scirrlrus</span> <span class='ocrx_word' id='word_1_98' title='bbox 1739 1386 1858 1475; x_wconf 71' lang='lat' dir='ltr'>⁴uisceris</span> <span class='ocrx_word' id='word_1_99' title='bbox 1876 1417 1937 1488; x_wconf 87' lang='lat' dir='ltr'>po-</span> 
     </span>
     <span class='ocr_line' id='line_1_11' title="bbox 517 1481 1943 1588; baseline -0.001 -29"><span class='ocrx_word' id='word_1_100' title='bbox 517 1491 578 1560; x_wconf 85' lang='lat' dir='ltr'>test</span> <span class='ocrx_word' id='word_1_101' title='bbox 600 1490 657 1560; x_wconf 82' lang='lat' dir='ltr'>eise</span> <span class='ocrx_word' id='word_1_102' title='bbox 681 1487 868 1562; x_wconf 85' lang='lat' dir='ltr'>meteorifini</span> <span class='ocrx_word' id='word_1_103' title='bbox 894 1486 988 1562; x_wconf 87' lang='lat' dir='ltr'>eausa</span> <span class='ocrx_word' id='word_1_104' title='bbox 1009 1515 1065 1588; x_wconf 90' lang='lat' dir='ltr'>pet</span> <span class='ocrx_word' id='word_1_105' title='bbox 1090 1485 1146 1558; x_wconf 86' lang='lat' dir='ltr'>se.</span> <span class='ocrx_word' id='word_1_106' title='bbox 1183 1491 1230 1558; x_wconf 83' lang='lat' dir='ltr'>At</span> <span class='ocrx_word' id='word_1_107' title='bbox 1254 1488 1307 1554; x_wconf 92' lang='lat' dir='ltr'>hic</span> <span class='ocrx_word' id='word_1_108' title='bbox 1333 1481 1429 1585; x_wconf 88' lang='lat' dir='ltr'>supra</span> <span class='ocrx_word' id='word_1_109' title='bbox 1453 1490 1568 1556; x_wconf 83' lang='lat' dir='ltr'>citatus</span> <span class='ocrx_word' id='word_1_110' title='bbox 1593 1490 1682 1559; x_wconf 83' lang='lat' dir='ltr'>locus</span> <span class='ocrx_word' id='word_1_111' title='bbox 1707 1491 1821 1561; x_wconf 79' lang='lat' dir='ltr'>Caleni</span> <span class='ocrx_word' id='word_1_112' title='bbox 1849 1509 1943 1558; x_wconf 85' lang='lat' dir='ltr'>totus-</span> 
     </span>
     <span class='ocr_line' id='line_1_12' title="bbox 516 1581 1936 1684; baseline -0.001 -26"><span class='ocrx_word' id='word_1_113' title='bbox 516 1587 561 1658; x_wconf 89' lang='lat' dir='ltr'>esl</span> <span class='ocrx_word' id='word_1_114' title='bbox 584 1582 756 1670; x_wconf 86' lang='lat' dir='ltr'>obscurus,</span> <span class='ocrx_word' id='word_1_115' title='bbox 778 1615 836 1661; x_wconf 92' lang='lat' dir='ltr'>nec</span> <span class='ocrx_word' id='word_1_116' title='bbox 858 1592 974 1661; x_wconf 88' lang='lat' dir='ltr'>clarius</span> <span class='ocrx_word' id='word_1_117' title='bbox 998 1581 1253 1681; x_wconf 86' lang='lat' dir='ltr'>enucleatiusque</span> <span class='ocrx_word' id='word_1_118' title='bbox 1276 1609 1293 1656; x_wconf 90' lang='lat' dir='ltr'>e</span> <span class='ocrx_word' id='word_1_119' title='bbox 1337 1586 1427 1656; x_wconf 84' lang='lat' dir='ltr'>litati</span> <span class='ocrx_word' id='word_1_120' title='bbox 1447 1589 1583 1684; x_wconf 85' lang='lat' dir='ltr'>potuit:</span> <span class='ocrx_word' id='word_1_121' title='bbox 1616 1589 1741 1657; x_wconf 85' lang='lat' dir='ltr'>Tamen</span> <span class='ocrx_word' id='word_1_122' title='bbox 1765 1591 1873 1681; x_wconf 86' lang='lat' dir='ltr'>magni</span> <span class='ocrx_word' id='word_1_123' title='bbox 1894 1585 1936 1656; x_wconf 86' lang='lat' dir='ltr'>est</span> 
     </span>
     <span class='ocr_line' id='line_1_13' title="bbox 516 1611 1941 1784; baseline -0.004 -26"><span class='ocrx_word' id='word_1_124' title='bbox 516 1692 704 1766; x_wconf 85' lang='lat' dir='ltr'>momenti,</span> <span class='ocrx_word' id='word_1_125' title='bbox 734 1713 842 1784; x_wconf 87' lang='lat' dir='ltr'>quum</span> <span class='ocrx_word' id='word_1_126' title='bbox 867 1691 995 1761; x_wconf 88' lang='lat' dir='ltr'>Comm.</span> <span class='ocrx_word' id='word_1_127' title='bbox 1013 1692 1048 1757; x_wconf 92' lang='lat' dir='ltr'>in</span> <span class='ocrx_word' id='word_1_128' title='bbox 1073 1687 1200 1784; x_wconf 70' lang='lat' dir='ltr'>tiphon</span> <span class='ocrx_word' id='word_1_129' title='bbox 1214 1707 1272 1770; x_wconf 83' lang='lat'>73.</span> <span class='ocrx_word' id='word_1_130' title='bbox 1295 1611 1352 1754; x_wconf 73' lang='lat' dir='ltr'>sib.</span> <span class='ocrx_word' id='word_1_131' title='bbox 1374 1712 1408 1770; x_wconf 85' lang='lat'>4.</span> <span class='ocrx_word' id='word_1_132' title='bbox 1434 1707 1471 1754; x_wconf 89' lang='lat' dir='ltr'>ex</span> <span class='ocrx_word' id='word_1_133' title='bbox 1494 1709 1562 1779; x_wconf 88' lang='lat' dir='ltr'>quo</span> <span class='ocrx_word' id='word_1_134' title='bbox 1586 1679 1796 1782; x_wconf 83' lang='lat' dir='ltr'>borborygmi</span> <span class='ocrx_word' id='word_1_135' title='bbox 1830 1683 1941 1754; x_wconf 83' lang='lat' dir='ltr'>distin·</span> 
     </span>
     <span class='ocr_line' id='line_1_14' title="bbox 520 1776 1942 1867; baseline -0.001 -13"><span class='ocrx_word' id='word_1_136' title='bbox 520 1785 587 1854; x_wconf 76' lang='grc' dir='ltr'>ἂίο</span> <span class='ocrx_word' id='word_1_137' title='bbox 611 1787 760 1858; x_wconf 90' lang='lat' dir='ltr'>elicienda</span> <span class='ocrx_word' id='word_1_138' title='bbox 783 1786 846 1867; x_wconf 89' lang='lat' dir='ltr'>est,</span> <span class='ocrx_word' id='word_1_139' title='bbox 870 1783 1007 1858; x_wconf 88' lang='lat' dir='ltr'>absurda</span> <span class='ocrx_word' id='word_1_140' title='bbox 1034 1779 1164 1856; x_wconf 85' lang='lat' dir='ltr'>scribere</span> <span class='ocrx_word' id='word_1_141' title='bbox 1188 1784 1361 1855; x_wconf 72' lang='lat' dir='ltr'>uideatur·</span> <span class='ocrx_word' id='word_1_142' title='bbox 1386 1786 1477 1856; x_wconf 81' lang='lat' dir='ltr'>Nam</span> <span class='ocrx_word' id='word_1_143' title='bbox 1500 1776 1697 1860; x_wconf 79' lang='lat' dir='ltr'>habitualem</span> <span class='ocrx_word' id='word_1_144' title='bbox 1718 1785 1942 1858; x_wconf 71' lang='lat' dir='ltr'>intestinorum</span> 
     </span>
     <span class='ocr_line' id='line_1_15' title="bbox 520 1876 1943 1983; baseline 0.003 -32"><span class='ocrx_word' id='word_1_145' title='bbox 520 1879 753 1981; x_wconf 76' lang='lat' dir='ltr'>dispostionem</span> <span class='ocrx_word' id='word_1_146' title='bbox 779 1892 913 1960; x_wconf 83' lang='lat' dir='ltr'>tumoris</span> <span class='ocrx_word' id='word_1_147' title='bbox 936 1881 1117 1957; x_wconf 79' lang='lat' dir='ltr'>abdominis</span> <span class='ocrx_word' id='word_1_148' title='bbox 1141 1877 1266 1953; x_wconf 65' lang='lat' dir='ltr'>caussm</span> <span class='ocrx_word' id='word_1_149' title='bbox 1281 1935 1284 1941; x_wconf 65' lang='lat'><em>,</em></span> <span class='ocrx_word' id='word_1_150' title='bbox 1299 1885 1340 1953; x_wconf 90' lang='lat' dir='ltr'>ad</span> <span class='ocrx_word' id='word_1_151' title='bbox 1371 1876 1515 1983; x_wconf 79' lang='lat' dir='ltr'>spiritiun</span> <span class='ocrx_word' id='word_1_152' title='bbox 1549 1880 1723 1957; x_wconf 84' lang='lat' dir='ltr'>flatuosum</span> <span class='ocrx_word' id='word_1_153' title='bbox 1755 1883 1873 1963; x_wconf 84' lang='lat' dir='ltr'>refert,</span> <span class='ocrx_word' id='word_1_154' title='bbox 1904 1887 1943 1955; x_wconf 70' lang='grc' dir='ltr'>δε</span> 
     </span>
     <span class='ocr_line' id='line_1_16' title="bbox 522 1979 1943 2083; baseline 0 -33"><span class='ocrx_word' id='word_1_155' title='bbox 522 1988 687 2051; x_wconf 85' lang='lat' dir='ltr'>tamenin</span> <span class='ocrx_word' id='word_1_156' title='bbox 712 1985 767 2054; x_wconf 87' lang='lat' dir='ltr'>illa</span> <span class='ocrx_word' id='word_1_157' title='bbox 792 1985 984 2056; x_wconf 81' lang='lat' dir='ltr'>distentionis</span> <span class='ocrx_word' id='word_1_158' title='bbox 1010 1979 1109 2083; x_wconf 88' lang='lat' dir='ltr'>specie</span> <span class='ocrx_word' id='word_1_159' title='bbox 1132 2006 1298 2061; x_wconf 87' lang='lat' dir='ltr'>murmur,</span> <span class='ocrx_word' id='word_1_160' title='bbox 1322 2003 1380 2052; x_wconf 85' lang='lat' dir='ltr'>cur</span> <span class='ocrx_word' id='word_1_161' title='bbox 1405 2007 1469 2048; x_wconf 91' lang='lat' dir='ltr'>non</span> <span class='ocrx_word' id='word_1_162' title='bbox 1494 1986 1529 2049; x_wconf 84' lang='lat'>&amp;</span> <span class='ocrx_word' id='word_1_163' title='bbox 1553 1984 1587 2048; x_wconf 90' lang='lat' dir='ltr'>in</span> <span class='ocrx_word' id='word_1_164' title='bbox 1611 1984 1706 2052; x_wconf 81' lang='lat' dir='ltr'>astera</span> <span class='ocrx_word' id='word_1_165' title='bbox 1722 2031 1736 2059; x_wconf 89' lang='lat'><strong><em>,</em></strong></span> <span class='ocrx_word' id='word_1_166' title='bbox 1769 2007 1876 2077; x_wconf 89' lang='lat' dir='ltr'>quum</span> <span class='ocrx_word' id='word_1_167' title='bbox 1901 2005 1943 2050; x_wconf 87' lang='lat' dir='ltr'>u·</span> 
     </span>
     <span class='ocr_line' id='line_1_17' title="bbox 522 2071 1949 2182; baseline -0.003 -33"><span class='ocrx_word' id='word_1_168' title='bbox 522 2099 637 2175; x_wconf 79' lang='lat' dir='ltr'>traque</span> <span class='ocrx_word' id='word_1_169' title='bbox 662 2083 850 2175; x_wconf 79' lang='lat' dir='ltr'>generaliter·</span> <span class='ocrx_word' id='word_1_170' title='bbox 872 2109 926 2182; x_wconf 83' lang='lat' dir='ltr'>ptr</span> <span class='ocrx_word' id='word_1_171' title='bbox 950 2085 1109 2154; x_wconf 83' lang='lat' dir='ltr'>Galerium</span> <span class='ocrx_word' id='word_1_172' title='bbox 1127 2075 1261 2152; x_wconf 74' lang='lat' dir='ltr'>causam</span> <span class='ocrx_word' id='word_1_173' title='bbox 1286 2072 1334 2151; x_wconf 86' lang='lat' dir='ltr'>sui</span> <span class='ocrx_word' id='word_1_174' title='bbox 1355 2073 1501 2169; x_wconf 81' lang='lat' dir='ltr'>agnoscat</span> <span class='ocrx_word' id='word_1_175' title='bbox 1525 2071 1562 2139; x_wconf 65' lang='lat' dir='ltr'>et*</span> <span class='ocrx_word' id='word_1_176' title='bbox 1569 2076 1804 2156; x_wconf 61' lang='lat' dir='ltr'>animaverint</span> <span class='ocrx_word' id='word_1_177' title='bbox 1824 2097 1835 2147; x_wconf 68' lang='grc' dir='ltr'><em>ὲ</em></span> <span class='ocrx_word' id='word_1_178' title='bbox 1861 2081 1949 2147; x_wconf 81' lang='lat' dir='ltr'>Por·</span> 
     </span>
     <span class='ocr_line' id='line_1_18' title="bbox 492 2169 1943 2274; baseline -0.002 -27"><span class='ocrx_word' id='word_1_179' title='bbox 492 2242 494 2246; x_wconf 21' lang='lat' dir='ltr'>i</span> <span class='ocrx_word' id='word_1_180' title='bbox 523 2203 563 2248; x_wconf 87' lang='lat' dir='ltr'>ro</span> <span class='ocrx_word' id='word_1_181' title='bbox 587 2182 699 2251; x_wconf 86' lang='lat' dir='ltr'>eontra</span> <span class='ocrx_word' id='word_1_182' title='bbox 724 2183 939 2252; x_wconf 85' lang='lat' dir='ltr'>definitionem</span> <span class='ocrx_word' id='word_1_183' title='bbox 964 2180 1147 2268; x_wconf 72' lang='grc' dir='ltr'><strong><em>βσρβιρυγμῦ</em></strong></span> <span class='ocrx_word' id='word_1_184' title='bbox 1171 2176 1354 2272; x_wconf 70' lang='lat' dir='ltr'>resignatam</span> <span class='ocrx_word' id='word_1_185' title='bbox 1378 2169 1559 2274; x_wconf 83' lang='lat' dir='ltr'>Aphorism.</span> <span class='ocrx_word' id='word_1_186' title='bbox 1580 2201 1637 2263; x_wconf 75' lang='lat'>73.</span> <span class='ocrx_word' id='word_1_187' title='bbox 1654 2171 1753 2256; x_wconf 67' lang='lat' dir='ltr'>imi.</span> <span class='ocrx_word' id='word_1_188' title='bbox 1780 2179 1943 2244; x_wconf 89' lang='lat' dir='ltr'>nimirum</span> 
     </span>
     <span class='ocr_line' id='line_1_19' title="bbox 524 2269 1950 2380; baseline -0.004 -33"><span class='ocrx_word' id='word_1_189' title='bbox 524 2281 616 2373; x_wconf 89' lang='lat' dir='ltr'>quod</span> <span class='ocrx_word' id='word_1_190' title='bbox 640 2280 679 2349; x_wconf 87' lang='lat' dir='ltr'>lit</span> <span class='ocrx_word' id='word_1_191' title='bbox 704 2274 796 2350; x_wconf 80' lang='lat' dir='ltr'>sontn</span> <span class='ocrx_word' id='word_1_192' title='bbox 821 2277 967 2380; x_wconf 89' lang='lat' dir='ltr'>spiritus,</span> <span class='ocrx_word' id='word_1_193' title='bbox 992 2304 1047 2351; x_wconf 87' lang='lat' dir='ltr'>nee</span> <span class='ocrx_word' id='word_1_194' title='bbox 1074 2301 1212 2373; x_wconf 80' lang='lat' dir='ltr'>magnus</span> <span class='ocrx_word' id='word_1_195' title='bbox 1235 2328 1246 2359; x_wconf 86' lang='lat'>‚</span> <span class='ocrx_word' id='word_1_196' title='bbox 1271 2300 1325 2346; x_wconf 90' lang='lat' dir='ltr'>nec</span> <span class='ocrx_word' id='word_1_197' title='bbox 1350 2276 1502 2350; x_wconf 78' lang='lat' dir='ltr'>multus,</span> <span class='ocrx_word' id='word_1_198' title='bbox 1531 2275 1634 2344; x_wconf 86' lang='lat' dir='ltr'>afferri</span> <span class='ocrx_word' id='word_1_199' title='bbox 1657 2272 1757 2370; x_wconf 85' lang='lat' dir='ltr'>potest</span> <span class='ocrx_word' id='word_1_200' title='bbox 1780 2277 1871 2368; x_wconf 92' lang='lat' dir='ltr'>quod</span> <span class='ocrx_word' id='word_1_201' title='bbox 1898 2269 1950 2344; x_wconf 85' lang='lat' dir='ltr'>ab</span> 
     </span>
     <span class='ocr_line' id='line_1_20' title="bbox 525 2367 1938 2477; baseline -0.003 -31"><span class='ocrx_word' id='word_1_202' title='bbox 525 2379 638 2446; x_wconf 89' lang='lat' dir='ltr'>eodem</span> <span class='ocrx_word' id='word_1_203' title='bbox 664 2373 816 2477; x_wconf 87' lang='lat' dir='ltr'>scriptum</span> <span class='ocrx_word' id='word_1_204' title='bbox 840 2381 884 2452; x_wconf 88' lang='lat' dir='ltr'>est</span> <span class='ocrx_word' id='word_1_205' title='bbox 908 2375 964 2450; x_wconf 94' lang='lat' dir='ltr'>lib.</span> <span class='ocrx_word' id='word_1_206' title='bbox 992 2405 1022 2469; x_wconf 80' lang='lat'>3.</span> <span class='ocrx_word' id='word_1_207' title='bbox 1055 2382 1094 2449; x_wconf 92' lang='lat' dir='ltr'>de</span> <span class='ocrx_word' id='word_1_208' title='bbox 1124 2370 1220 2448; x_wconf 85' lang='lat' dir='ltr'>Caus</span> <span class='ocrx_word' id='word_1_209' title='bbox 1245 2374 1358 2476; x_wconf 84' lang='lat' dir='ltr'>sympt.</span> <span class='ocrx_word' id='word_1_210' title='bbox 1390 2395 1508 2474; x_wconf 80' lang='lat' dir='ltr'>capt.</span> <span class='ocrx_word' id='word_1_211' title='bbox 1535 2377 1687 2443; x_wconf 90' lang='lat' dir='ltr'>nimirum</span> <span class='ocrx_word' id='word_1_212' title='bbox 1714 2377 1747 2442; x_wconf 77' lang='grc' dir='ltr'>δι</span> <span class='ocrx_word' id='word_1_213' title='bbox 1773 2367 1938 2442; x_wconf 84' lang='lat' dir='ltr'>bombum</span> 
     </span>
    </p>
   </div>
   <div class='ocr_carea' id='block_1_3' title="bbox 512 2471 1944 2856">
    <p class='ocr_par' dir='ltr' id='par_1_3' title="bbox 512 2471 1944 2856">
     <span class='ocr_line' id='line_1_21' title="bbox 512 2471 1944 2571; baseline -0.003 -26"><span class='ocrx_word' id='word_1_214' title='bbox 512 2481 559 2545; x_wconf 82' lang='lat'>-&amp;</span> <span class='ocrx_word' id='word_1_215' title='bbox 585 2471 841 2571; x_wconf 79' lang='lat' dir='ltr'>borborygmum</span> <span class='ocrx_word' id='word_1_216' title='bbox 864 2480 1012 2548; x_wconf 88' lang='lat' dir='ltr'>eumdem</span> <span class='ocrx_word' id='word_1_217' title='bbox 1036 2473 1149 2547; x_wconf 63' lang='lat' dir='ltr'>mirum</span> <span class='ocrx_word' id='word_1_218' title='bbox 1173 2475 1230 2544; x_wconf 86' lang='lat' dir='ltr'>else</span> <span class='ocrx_word' id='word_1_219' title='bbox 1253 2477 1428 2566; x_wconf 87' lang='lat' dir='ltr'>eodemque</span> <span class='ocrx_word' id='word_1_220' title='bbox 1451 2477 1485 2542; x_wconf 94' lang='lat' dir='ltr'>in</span> <span class='ocrx_word' id='word_1_221' title='bbox 1508 2473 1583 2540; x_wconf 89' lang='lat' dir='ltr'>loco</span> <span class='ocrx_word' id='word_1_222' title='bbox 1609 2472 1723 2542; x_wconf 84' lang='lat' dir='ltr'>tsse&#39;&amp;</span> <span class='ocrx_word' id='word_1_223' title='bbox 1748 2472 1843 2550; x_wconf 85' lang='lat' dir='ltr'>fieri,</span> <span class='ocrx_word' id='word_1_224' title='bbox 1878 2472 1944 2540; x_wconf 84' lang='lat' dir='ltr'>hoe</span> 
     </span>
     <span class='ocr_line' id='line_1_22' title="bbox 523 2565 1944 2664; baseline -0.003 -22"><span class='ocrx_word' id='word_1_225' title='bbox 523 2572 672 2663; x_wconf 77' lang='lat' dir='ltr'>distingui</span> <span class='ocrx_word' id='word_1_226' title='bbox 697 2578 788 2664; x_wconf 87' lang='lat' dir='ltr'>quod</span> <span class='ocrx_word' id='word_1_227' title='bbox 813 2571 952 2641; x_wconf 85' lang='lat' dir='ltr'>bombus</span> <span class='ocrx_word' id='word_1_228' title='bbox 976 2576 1038 2641; x_wconf 81' lang='lat' dir='ltr'>sine</span> <span class='ocrx_word' id='word_1_229' title='bbox 1061 2575 1198 2640; x_wconf 90' lang='lat' dir='ltr'>humore</span> <span class='ocrx_word' id='word_1_230' title='bbox 1223 2572 1287 2647; x_wconf 85' lang='lat' dir='ltr'>sit,</span> <span class='ocrx_word' id='word_1_231' title='bbox 1322 2571 1400 2637; x_wconf 87' lang='lat' dir='ltr'>alter</span> <span class='ocrx_word' id='word_1_232' title='bbox 1423 2593 1499 2636; x_wconf 90' lang='lat' dir='ltr'>cum</span> <span class='ocrx_word' id='word_1_233' title='bbox 1522 2571 1685 2637; x_wconf 87' lang='lat' dir='ltr'>humore.</span> <span class='ocrx_word' id='word_1_234' title='bbox 1722 2571 1767 2639; x_wconf 78' lang='lat' dir='ltr'>Ar</span> <span class='ocrx_word' id='word_1_235' title='bbox 1801 2565 1944 2650; x_wconf 81' lang='lat' dir='ltr'>bombus</span> 
     </span>
     <span class='ocr_line' id='line_1_23' title="bbox 522 2660 1942 2764; baseline -0.006 -29"><span class='ocrx_word' id='word_1_236' title='bbox 522 2663 621 2735; x_wconf 69' lang='lat' dir='ltr'>fimus</span> <span class='ocrx_word' id='word_1_237' title='bbox 644 2667 688 2738; x_wconf 87' lang='lat' dir='ltr'>cst</span> <span class='ocrx_word' id='word_1_238' title='bbox 712 2661 837 2762; x_wconf 90' lang='lat' dir='ltr'>spiritus</span> <span class='ocrx_word' id='word_1_239' title='bbox 862 2689 1020 2758; x_wconf 79' lang='lat' dir='ltr'>magnus.</span> <span class='ocrx_word' id='word_1_240' title='bbox 1056 2664 1237 2733; x_wconf 87' lang='lat' dir='ltr'>Dicendum</span> <span class='ocrx_word' id='word_1_241' title='bbox 1268 2665 1524 2756; x_wconf 83' lang='lat' dir='ltr'>magnitudinem</span> <span class='ocrx_word' id='word_1_242' title='bbox 1549 2660 1676 2761; x_wconf 85' lang='lat' dir='ltr'>spiritus</span> <span class='ocrx_word' id='word_1_243' title='bbox 1700 2669 1732 2735; x_wconf 88' lang='lat' dir='ltr'>in</span> <span class='ocrx_word' id='word_1_244' title='bbox 1758 2664 1942 2764; x_wconf 69' lang='lat' dir='ltr'>borboryg.</span> 
     </span>
     <span class='ocr_line' id='line_1_24' title="bbox 520 2755 1641 2856; baseline -0.013 -22"><span class='ocrx_word' id='word_1_245' title='bbox 520 2758 643 2834; x_wconf 85' lang='lat' dir='ltr'>moab</span> <span class='ocrx_word' id='word_1_246' title='bbox 667 2763 802 2831; x_wconf 81' lang='lat' dir='ltr'>httmnte</span> <span class='ocrx_word' id='word_1_247' title='bbox 826 2755 1200 2856; x_wconf 77' lang='lat' dir='ltr'>fiangiacdebilitari.</span> <span class='ocrx_word' id='word_1_248' title='bbox 1364 2771 1367 2777; x_wconf 87' lang='grc'><strong>’</strong></span> <span class='ocrx_word' id='word_1_249' title='bbox 1500 2780 1504 2786; x_wconf 73' lang='grc'>’</span> <span class='ocrx_word' id='word_1_250' title='bbox 1637 2814 1641 2819; x_wconf 87' lang='grc'><strong><em>.</em></strong></span> 
     </span>
    </p>
   </div>
   <div class='ocr_carea' id='block_1_4' title="bbox 1190 2960 1378 3045">
    <p class='ocr_par' dir='ltr' id='par_1_4' title="bbox 1190 2960 1378 3045">
     <span class='ocr_line' id='line_1_25' title="bbox 1190 2960 1378 3045; baseline 0.021 -16"><span class='ocrx_word' id='word_1_251' title='bbox 1190 2960 1290 3029; x_wconf 79' lang='lat' dir='ltr'>TO&#39;.</span> <span class='ocrx_word' id='word_1_252' title='bbox 1342 2982 1378 3045; x_wconf 75' lang='lat' dir='ltr'>r.</span> 
     </span>
    </p>
   </div>
   <div class='ocr_carea' id='block_1_5' title="bbox 606 3155 1948 3325">
    <p class='ocr_par' dir='ltr' id='par_1_5' title="bbox 606 3142 1948 3325">
     <span class='ocr_line' id='line_1_26' title="bbox 606 3155 1948 3325; baseline 0.01 -104"><span class='ocrx_word' id='word_1_253' title='bbox 606 3160 752 3224; x_wconf 76' lang='grc' dir='ltr'><strong>ΔΩΣΣΑ</strong></span> <span class='ocrx_word' id='word_1_254' title='bbox 777 3156 1037 3237; x_wconf 58' lang='lat' dir='ltr'>winomannus</span> <span class='ocrx_word' id='word_1_255' title='bbox 1059 3155 1101 3229; x_wconf 87' lang='lat' dir='ltr'>ab</span> <span class='ocrx_word' id='word_1_256' title='bbox 1127 3162 1323 3325; x_wconf 63' lang='lat' dir='ltr'>fflppocrate</span> <span class='ocrx_word' id='word_1_257' title='bbox 1348 3161 1494 3241; x_wconf 80' lang='lat' dir='ltr'>dicitur,</span> <span class='ocrx_word' id='word_1_258' title='bbox 1515 3162 1626 3254; x_wconf 83' lang='lat' dir='ltr'>lingua</span> <span class='ocrx_word' id='word_1_259' title='bbox 1650 3164 1752 3254; x_wconf 82' lang='lat' dir='ltr'>quasis</span> <span class='ocrx_word' id='word_1_260' title='bbox 1775 3169 1807 3232; x_wconf 91' lang='lat' dir='ltr'>in</span> <span class='ocrx_word' id='word_1_261' title='bbox 1834 3171 1948 3274; x_wconf 60' lang='lat' dir='ltr'>perip5</span> 
     </span>
    </p>
   </div>
   <div class='ocr_carea' id='block_1_6' title="bbox 525 3253 1995 3846">
    <p class='ocr_par' dir='ltr' id='par_1_6' title="bbox 525 3253 1995 3846">
     <span class='ocr_line' id='line_1_27' title="bbox 620 3253 1979 3353; baseline 0.006 -27"><span class='ocrx_word' id='word_1_262' title='bbox 620 3265 793 3327; x_wconf 86' lang='lat' dir='ltr'>nenmonia</span> <span class='ocrx_word' id='word_1_263' title='bbox 817 3253 1040 3330; x_wconf 81' lang='lat' dir='ltr'>laborantibus</span> <span class='ocrx_word' id='word_1_264' title='bbox 1063 3261 1146 3329; x_wconf 88' lang='lat' dir='ltr'>cerni</span> <span class='ocrx_word' id='word_1_265' title='bbox 1204 3259 1248 3326; x_wconf 92' lang='lat' dir='ltr'>let</span> <span class='ocrx_word' id='word_1_266' title='bbox 1267 3281 1290 3323; x_wconf 79' lang='grc'>.’</span> <span class='ocrx_word' id='word_1_267' title='bbox 1310 3258 1480 3353; x_wconf 84' lang='lat' dir='ltr'>Relinquit</span> <span class='ocrx_word' id='word_1_268' title='bbox 1513 3262 1595 3328; x_wconf 88' lang='lat' dir='ltr'>enim</span> <span class='ocrx_word' id='word_1_269' title='bbox 1627 3279 1792 3353; x_wconf 85' lang='lat' dir='ltr'>tamquam</span> <span class='ocrx_word' id='word_1_270' title='bbox 1827 3263 1950 3332; x_wconf 68' lang='lat' dir='ltr'>veturii</span> <span class='ocrx_word' id='word_1_271' title='bbox 1977 3331 1979 3335; x_wconf 81' lang='grc'>,</span> 
     </span>
     <span class='ocr_line' id='line_1_28' title="bbox 525 3351 1995 3457; baseline 0.003 -32"><span class='ocrx_word' id='word_1_272' title='bbox 525 3359 595 3426; x_wconf 80' lang='lat' dir='ltr'>fieri</span> <span class='ocrx_word' id='word_1_273' title='bbox 619 3381 683 3426; x_wconf 90' lang='lat' dir='ltr'>non</span> <span class='ocrx_word' id='word_1_274' title='bbox 709 3356 792 3455; x_wconf 75' lang='lat' dir='ltr'>posse</span> <span class='ocrx_word' id='word_1_275' title='bbox 864 3362 897 3427; x_wconf 90' lang='lat' dir='ltr'>in</span> <span class='ocrx_word' id='word_1_276' title='bbox 922 3363 955 3428; x_wconf 92' lang='lat' dir='ltr'>in</span> <span class='ocrx_word' id='word_1_277' title='bbox 979 3361 1139 3456; x_wconf 84' lang='lat' dir='ltr'>pulmonis</span> <span class='ocrx_word' id='word_1_278' title='bbox 1163 3358 1409 3427; x_wconf 84' lang='lat' dir='ltr'>inflammatione</span> <span class='ocrx_word' id='word_1_279' title='bbox 1434 3354 1575 3451; x_wconf 83' lang='lat' dir='ltr'>fuliginis</span> <span class='ocrx_word' id='word_1_280' title='bbox 1594 3351 1746 3428; x_wconf 84' lang='lat' dir='ltr'>abundet</span> <span class='ocrx_word' id='word_1_281' title='bbox 1771 3364 1889 3457; x_wconf 86' lang='lat' dir='ltr'>copia,</span> <span class='ocrx_word' id='word_1_282' title='bbox 1926 3361 1995 3444; x_wconf 50' lang='lat' dir='ltr'>as*-</span> 
     </span>
     <span class='ocr_line' id='line_1_29' title="bbox 526 3383 1945 3556; baseline 0.003 -29"><span class='ocrx_word' id='word_1_283' title='bbox 526 3479 594 3551; x_wconf 88' lang='lat' dir='ltr'>qua</span> <span class='ocrx_word' id='word_1_284' title='bbox 619 3457 730 3550; x_wconf 79' lang='lat' dir='ltr'>lingua</span> <span class='ocrx_word' id='word_1_285' title='bbox 755 3383 931 3537; x_wconf 47' lang='lat' dir='ltr'>denses-tn,</span> <span class='ocrx_word' id='word_1_286' title='bbox 964 3453 1162 3556; x_wconf 83' lang='lat' dir='ltr'>exasperetur</span> <span class='ocrx_word' id='word_1_287' title='bbox 1196 3461 1229 3526; x_wconf 60' lang='grc' dir='ltr'>δι’</span> <span class='ocrx_word' id='word_1_288' title='bbox 1261 3450 1426 3527; x_wconf 82' lang='lat' dir='ltr'>siccescat.</span> <span class='ocrx_word' id='word_1_289' title='bbox 1460 3459 1566 3525; x_wconf 84' lang='lat' dir='ltr'>immo</span> <span class='ocrx_word' id='word_1_290' title='bbox 1590 3456 1622 3523; x_wconf 91' lang='lat' dir='ltr'>in</span> <span class='ocrx_word' id='word_1_291' title='bbox 1647 3451 1945 3543; x_wconf 70' lang='lat' dir='ltr'>ejusmodtaffcetu</span> 
     </span>
     <span class='ocr_line' id='line_1_30' title="bbox 527 3549 1945 3656; baseline 0.003 -32"><span class='ocrx_word' id='word_1_292' title='bbox 527 3555 629 3624; x_wconf 83' lang='lat' dir='ltr'>trulla</span> <span class='ocrx_word' id='word_1_293' title='bbox 653 3557 797 3649; x_wconf 88' lang='lat' dir='ltr'>quadam</span> <span class='ocrx_word' id='word_1_294' title='bbox 821 3550 964 3625; x_wconf 72' lang='lat' dir='ltr'>obdusta</span> <span class='ocrx_word' id='word_1_295' title='bbox 989 3557 1099 3651; x_wconf 85' lang='lat' dir='ltr'>lingua</span> <span class='ocrx_word' id='word_1_296' title='bbox 1123 3556 1278 3636; x_wconf 81' lang='lat' dir='ltr'>videtur,</span> <span class='ocrx_word' id='word_1_297' title='bbox 1308 3549 1353 3623; x_wconf 89' lang='lat' dir='ltr'>ob</span> <span class='ocrx_word' id='word_1_298' title='bbox 1383 3560 1492 3648; x_wconf 85' lang='lat' dir='ltr'>ingens</span> <span class='ocrx_word' id='word_1_299' title='bbox 1517 3559 1549 3623; x_wconf 92' lang='lat' dir='ltr'>in</span> <span class='ocrx_word' id='word_1_300' title='bbox 1575 3556 1726 3651; x_wconf 84' lang='lat' dir='ltr'>pulmone</span> <span class='ocrx_word' id='word_1_301' title='bbox 1751 3579 1945 3656; x_wconf 82' lang='lat' dir='ltr'>conceptum</span> 
     </span>
     <span class='ocr_line' id='line_1_31' title="bbox 528 3649 1943 3753; baseline 0.005 -33"><span class='ocrx_word' id='word_1_302' title='bbox 528 3654 714 3721; x_wconf 79' lang='lat' dir='ltr'>incendium</span> <span class='ocrx_word' id='word_1_303' title='bbox 746 3680 756 3721; x_wconf 76' lang='lat' dir='ltr'><strong><em>z</em></strong></span> <span class='ocrx_word' id='word_1_304' title='bbox 810 3656 897 3724; x_wconf 86' lang='lat' dir='ltr'>unde</span> <span class='ocrx_word' id='word_1_305' title='bbox 934 3655 997 3720; x_wconf 90' lang='lat' dir='ltr'>fitis</span> <span class='ocrx_word' id='word_1_306' title='bbox 1039 3679 1112 3748; x_wconf 86' lang='lat' dir='ltr'>qnae</span> <span class='ocrx_word' id='word_1_307' title='bbox 1152 3654 1241 3721; x_wconf 86' lang='lat' dir='ltr'>nulla</span> <span class='ocrx_word' id='word_1_308' title='bbox 1284 3649 1344 3722; x_wconf 90' lang='lat' dir='ltr'>sere</span> <span class='ocrx_word' id='word_1_309' title='bbox 1387 3675 1452 3723; x_wconf 84' lang='lat' dir='ltr'>arte</span> <span class='ocrx_word' id='word_1_310' title='bbox 1495 3651 1647 3746; x_wconf 84' lang='lat' dir='ltr'>exstingui</span> <span class='ocrx_word' id='word_1_311' title='bbox 1679 3656 1861 3752; x_wconf 80' lang='lat' dir='ltr'>explerique</span> <span class='ocrx_word' id='word_1_312' title='bbox 1880 3664 1943 3753; x_wconf 80' lang='lat' dir='ltr'>&#39;po-</span> 
     </span>
     <span class='ocr_line' id='line_1_32' title="bbox 527 3747 1946 3846; baseline 0.002 -28"><span class='ocrx_word' id='word_1_313' title='bbox 527 3748 601 3818; x_wconf 88' lang='lat' dir='ltr'>test.</span> <span class='ocrx_word' id='word_1_314' title='bbox 624 3750 743 3841; x_wconf 87' lang='lat' dir='ltr'>ltaque</span> <span class='ocrx_word' id='word_1_315' title='bbox 757 3774 793 3819; x_wconf 86' lang='lat' dir='ltr'>ex</span> <span class='ocrx_word' id='word_1_316' title='bbox 813 3753 997 3846; x_wconf 84' lang='lat' dir='ltr'>particulari</span> <span class='ocrx_word' id='word_1_317' title='bbox 1013 3747 1131 3820; x_wconf 90' lang='lat' dir='ltr'>morbo</span> <span class='ocrx_word' id='word_1_318' title='bbox 1145 3752 1271 3842; x_wconf 82' lang='lat' dir='ltr'>lignum</span> <span class='ocrx_word' id='word_1_319' title='bbox 1292 3756 1408 3845; x_wconf 80' lang='lat' dir='ltr'>lingua</span> <span class='ocrx_word' id='word_1_320' title='bbox 1430 3754 1581 3822; x_wconf 82' lang='lat' dir='ltr'>ariditatis</span> <span class='ocrx_word' id='word_1_321' title='bbox 1595 3748 1730 3822; x_wconf 88' lang='lat' dir='ltr'>desumit</span> <span class='ocrx_word' id='word_1_322' title='bbox 1755 3803 1766 3833; x_wconf 91' lang='lat'><strong><em>,</em></strong></span> <span class='ocrx_word' id='word_1_323' title='bbox 1798 3778 1837 3826; x_wconf 91' lang='lat' dir='ltr'>ut</span> <span class='ocrx_word' id='word_1_324' title='bbox 1861 3779 1946 3821; x_wconf 72' lang='lat' dir='ltr'>atet-</span> 
     </span>
    </p>
   </div>
   <div class='ocr_carea' id='block_1_7' title="bbox 410 3843 1944 3946">
    <p class='ocr_par' dir='ltr' id='par_1_7' title="bbox 410 3843 1944 3946">
     <span class='ocr_line' id='line_1_33' title="bbox 410 3843 1944 3946; baseline 0.008 -38"><span class='ocrx_word' id='word_1_325' title='bbox 410 3940 413 3943; x_wconf 7' lang='lat'><em>*</em></span> <span class='ocrx_word' id='word_1_326' title='bbox 526 3843 705 3921; x_wconf 50' lang='lat' dir='ltr'>mamati</span> <span class='ocrx_word' id='word_1_327' title='bbox 718 3846 865 3926; x_wconf 65' lang='grc' dir='ltr'>γλῶσσα,</span> <span class='ocrx_word' id='word_1_328' title='bbox 889 3849 1013 3917; x_wconf 89' lang='lat' dir='ltr'>dicatur</span> <span class='ocrx_word' id='word_1_329' title='bbox 1030 3844 1072 3919; x_wconf 86' lang='lat' dir='ltr'>ab</span> <span class='ocrx_word' id='word_1_330' title='bbox 1089 3873 1127 3919; x_wconf 93' lang='lat' dir='ltr'>eo</span> <span class='ocrx_word' id='word_1_331' title='bbox 1145 3851 1236 3946; x_wconf 86' lang='lat' dir='ltr'>Epid.</span> <span class='ocrx_word' id='word_1_332' title='bbox 1255 3876 1286 3935; x_wconf 90' lang='lat'>7.</span> <span class='ocrx_word' id='word_1_333' title='bbox 1313 3849 1429 3939; x_wconf 64' lang='lat' dir='ltr'>sirpus,</span> <span class='ocrx_word' id='word_1_334' title='bbox 1446 3845 1610 3930; x_wconf 57' lang='lat' dir='ltr'>&#39;nandium&#39;</span> <span class='ocrx_word' id='word_1_335' title='bbox 1626 3848 1743 3929; x_wconf 62' lang='lat' dir='ltr'>dantia,</span> <span class='ocrx_word' id='word_1_336' title='bbox 1770 3856 1944 3941; x_wconf 54' lang='lat' dir='ltr'>nantia.</span> 
     </span>
    </p>
   </div>
   <div class='ocr_carea' id='block_1_8' title="bbox 518 3945 1948 4536">
    <p class='ocr_par' dir='ltr' id='par_1_8' title="bbox 518 3945 1948 4536">
     <span class='ocr_line' id='line_1_34' title="bbox 527 3945 1944 4048; baseline 0.006 -36"><span class='ocrx_word' id='word_1_337' title='bbox 527 3946 630 4041; x_wconf 82' lang='lat' dir='ltr'>Qiod</span> <span class='ocrx_word' id='word_1_338' title='bbox 647 3968 760 4017; x_wconf 81' lang='lat' dir='ltr'>verum</span> <span class='ocrx_word' id='word_1_339' title='bbox 775 3948 909 4042; x_wconf 85' lang='lat' dir='ltr'>quidem</span> <span class='ocrx_word' id='word_1_340' title='bbox 924 3945 967 4017; x_wconf 90' lang='lat' dir='ltr'>est</span> <span class='ocrx_word' id='word_1_341' title='bbox 984 3950 1017 4016; x_wconf 90' lang='lat' dir='ltr'>in</span> <span class='ocrx_word' id='word_1_342' title='bbox 1034 3973 1070 4019; x_wconf 88' lang='lat' dir='ltr'>ta</span> <span class='ocrx_word' id='word_1_343' title='bbox 1086 3954 1151 4047; x_wconf 87' lang='lat' dir='ltr'>peri</span> <span class='ocrx_word' id='word_1_344' title='bbox 1176 3953 1343 4019; x_wconf 86' lang='lat' dir='ltr'>neumonia</span> <span class='ocrx_word' id='word_1_345' title='bbox 1357 3954 1472 4045; x_wconf 78' lang='lat' dir='ltr'>quain</span> <span class='ocrx_word' id='word_1_346' title='bbox 1484 3950 1664 4048; x_wconf 83' lang='lat' dir='ltr'>erysipelate</span> <span class='ocrx_word' id='word_1_347' title='bbox 1682 3950 1833 4020; x_wconf 81' lang='lat' dir='ltr'>consistit.</span> <span class='ocrx_word' id='word_1_348' title='bbox 1853 3946 1944 4023; x_wconf 79' lang='lat' dir='ltr'>Na‘in</span> 
     </span>
     <span class='ocr_line' id='line_1_35' title="bbox 529 3976 1945 4147; baseline 0.006 -37"><span class='ocrx_word' id='word_1_349' title='bbox 529 4048 653 4137; x_wconf 86' lang='lat' dir='ltr'>reperio</span> <span class='ocrx_word' id='word_1_350' title='bbox 677 4048 765 4141; x_wconf 83' lang='lat' dir='ltr'>apud</span> <span class='ocrx_word' id='word_1_351' title='bbox 788 4048 937 4116; x_wconf 87' lang='lat' dir='ltr'>eumdem</span> <span class='ocrx_word' id='word_1_352' title='bbox 962 4050 1102 4145; x_wconf 75' lang='lat' dir='ltr'>Hippot.</span> <span class='ocrx_word' id='word_1_353' title='bbox 1122 3976 1179 4115; x_wconf 62' lang='lat' dir='ltr'>lig.</span> <span class='ocrx_word' id='word_1_354' title='bbox 1197 4050 1338 4143; x_wconf 70' lang='lat' dir='ltr'>Epidem,</span> <span class='ocrx_word' id='word_1_355' title='bbox 1356 4074 1392 4134; x_wconf 84' lang='lat'>7.</span> <span class='ocrx_word' id='word_1_356' title='bbox 1414 4050 1556 4142; x_wconf 85' lang='lat' dir='ltr'>linguam</span> <span class='ocrx_word' id='word_1_357' title='bbox 1573 4053 1876 4147; x_wconf 87' lang='lat' dir='ltr'>peripneumonicam</span> <span class='ocrx_word' id='word_1_358' title='bbox 1893 4053 1945 4118; x_wconf 89' lang='lat' dir='ltr'>di-</span> 
     </span>
     <span class='ocr_line' id='line_1_36' title="bbox 528 4142 1943 4245; baseline 0.009 -39"><span class='ocrx_word' id='word_1_359' title='bbox 528 4143 557 4207; x_wconf 89' lang='lat' dir='ltr'>ci</span> <span class='ocrx_word' id='word_1_360' title='bbox 580 4162 651 4206; x_wconf 89' lang='lat' dir='ltr'>eam</span> <span class='ocrx_word' id='word_1_361' title='bbox 677 4165 751 4234; x_wconf 78' lang='lat' dir='ltr'>qna</span> <span class='ocrx_word' id='word_1_362' title='bbox 776 4166 850 4209; x_wconf 86' lang='lat' dir='ltr'>cum</span> <span class='ocrx_word' id='word_1_363' title='bbox 880 4144 1001 4239; x_wconf 78' lang='lat' dir='ltr'>pallore</span> <span class='ocrx_word' id='word_1_364' title='bbox 1023 4142 1162 4214; x_wconf 84' lang='lat' dir='ltr'>albicat.</span> <span class='ocrx_word' id='word_1_365' title='bbox 1179 4179 1186 4190; x_wconf 84' lang='lat'><em>·</em></span> <span class='ocrx_word' id='word_1_366' title='bbox 1201 4148 1290 4213; x_wconf 84' lang='lat' dir='ltr'>Nam</span> <span class='ocrx_word' id='word_1_367' title='bbox 1317 4156 1459 4215; x_wconf 76' lang='lat' dir='ltr'>materia</span> <span class='ocrx_word' id='word_1_368' title='bbox 1479 4143 1633 4242; x_wconf 82' lang='lat' dir='ltr'>pituitosae</span> <span class='ocrx_word' id='word_1_369' title='bbox 1653 4153 1943 4245; x_wconf 87' lang='lat' dir='ltr'>peripneumoniam</span> 
     </span>
     <span class='ocr_line' id='line_1_37' title="bbox 526 4233 1945 4345; baseline 0.011 -40"><span class='ocrx_word' id='word_1_370' title='bbox 526 4238 751 4305; x_wconf 81' lang='lat' dir='ltr'>committentis</span> <span class='ocrx_word' id='word_1_371' title='bbox 768 4257 917 4307; x_wconf 76' lang='lat' dir='ltr'>namnam</span> <span class='ocrx_word' id='word_1_372' title='bbox 937 4233 1112 4333; x_wconf 85' lang='lat' dir='ltr'>insequitur</span> <span class='ocrx_word' id='word_1_373' title='bbox 1130 4290 1139 4306; x_wconf 91' lang='lat'><strong>.</strong></span> <span class='ocrx_word' id='word_1_374' title='bbox 1167 4235 1238 4308; x_wconf 79' lang='lat' dir='ltr'>lib.</span> <span class='ocrx_word' id='word_1_375' title='bbox 1261 4262 1370 4312; x_wconf 88' lang='lat' dir='ltr'>autem</span> <span class='ocrx_word' id='word_1_376' title='bbox 1386 4248 1492 4336; x_wconf 92' lang='lat' dir='ltr'>primo</span> <span class='ocrx_word' id='word_1_377' title='bbox 1507 4246 1546 4312; x_wconf 88' lang='lat' dir='ltr'>de</span> <span class='ocrx_word' id='word_1_378' title='bbox 1564 4243 1683 4317; x_wconf 82' lang='lat' dir='ltr'>morbis</span> <span class='ocrx_word' id='word_1_379' title='bbox 1708 4252 1749 4318; x_wconf 87' lang='lat' dir='ltr'>ait</span> <span class='ocrx_word' id='word_1_380' title='bbox 1770 4271 1809 4317; x_wconf 82' lang='lat' dir='ltr'>ex</span> <span class='ocrx_word' id='word_1_381' title='bbox 1827 4247 1945 4345; x_wconf 86' lang='lat' dir='ltr'>pleuri-</span> 
     </span>
     <span class='ocr_line' id='line_1_38' title="bbox 527 4330 1948 4446; baseline 0.011 -43"><span class='ocrx_word' id='word_1_382' title='bbox 527 4335 592 4403; x_wconf 88' lang='lat' dir='ltr'>tide</span> <span class='ocrx_word' id='word_1_383' title='bbox 609 4330 695 4406; x_wconf 83' lang='lat' dir='ltr'>facile</span> <span class='ocrx_word' id='word_1_384' title='bbox 708 4339 741 4403; x_wconf 90' lang='lat' dir='ltr'>in</span> <span class='ocrx_word' id='word_1_385' title='bbox 757 4336 919 4405; x_wconf 87' lang='lat' dir='ltr'>ardentem</span> <span class='ocrx_word' id='word_1_386' title='bbox 935 4330 1054 4407; x_wconf 87' lang='lat' dir='ltr'>febrem</span> <span class='ocrx_word' id='word_1_387' title='bbox 1076 4338 1360 4418; x_wconf 84' lang='lat' dir='ltr'>transitumfieri,</span> <span class='ocrx_word' id='word_1_388' title='bbox 1393 4366 1460 4410; x_wconf 87' lang='lat' dir='ltr'>non</span> <span class='ocrx_word' id='word_1_389' title='bbox 1481 4362 1589 4415; x_wconf 88' lang='lat' dir='ltr'>autem</span> <span class='ocrx_word' id='word_1_390' title='bbox 1605 4351 1640 4420; x_wconf 89' lang='lat' dir='ltr'>in</span> <span class='ocrx_word' id='word_1_391' title='bbox 1658 4351 1948 4446; x_wconf 83' lang='lat' dir='ltr'>peripneumonia:</span> 
     </span>
     <span class='ocr_line' id='line_1_39' title="bbox 518 4433 1227 4536; baseline 0 -33"><span class='ocrx_word' id='word_1_392' title='bbox 518 4435 625 4528; x_wconf 77' lang='lat' dir='ltr'>quia,</span> <span class='ocrx_word' id='word_1_393' title='bbox 647 4433 761 4513; x_wconf 86' lang='lat' dir='ltr'>credo,</span> <span class='ocrx_word' id='word_1_394' title='bbox 784 4434 882 4505; x_wconf 77' lang='lat' dir='ltr'>haca</span> <span class='ocrx_word' id='word_1_395' title='bbox 899 4437 1014 4534; x_wconf 83' lang='lat' dir='ltr'>pituita</span> <span class='ocrx_word' id='word_1_396' title='bbox 1031 4440 1144 4536; x_wconf 81' lang='lat' dir='ltr'>potius</span> <span class='ocrx_word' id='word_1_397' title='bbox 1164 4434 1227 4505; x_wconf 85' lang='lat' dir='ltr'>est.</span> 
     </span>
    </p>
   </div>
   <div class='ocr_carea' id='block_1_9' title="bbox 609 4628 1947 4744">
    <p class='ocr_par' dir='ltr' id='par_1_9' title="bbox 609 4628 1947 4744">
     <span class='ocr_line' id='line_1_40' title="bbox 609 4628 1947 4744; baseline 0.019 -51"><span class='ocrx_word' id='word_1_398' title='bbox 609 4628 894 4699; x_wconf 76' lang='lat' dir='ltr'>Pluo&#39;inuNo</span> <span class='ocrx_word' id='word_1_399' title='bbox 908 4639 943 4700; x_wconf 87' lang='lat' dir='ltr'>N</span> <span class='ocrx_word' id='word_1_400' title='bbox 966 4662 1028 4708; x_wconf 86' lang='lat' dir='ltr'>vox</span> <span class='ocrx_word' id='word_1_401' title='bbox 1045 4633 1093 4706; x_wconf 85' lang='lat' dir='ltr'>est</span> <span class='ocrx_word' id='word_1_402' title='bbox 1107 4661 1191 4711; x_wconf 79' lang='lat' dir='ltr'>noua</span> <span class='ocrx_word' id='word_1_403' title='bbox 1212 4642 1246 4708; x_wconf 73' lang='lat' dir='ltr'>lit</span> <span class='ocrx_word' id='word_1_404' title='bbox 1266 4632 1309 4708; x_wconf 86' lang='lat' dir='ltr'>ab</span> <span class='ocrx_word' id='word_1_405' title='bbox 1329 4640 1457 4712; x_wconf 73' lang='lat' dir='ltr'>audiere</span> <span class='ocrx_word' id='word_1_406' title='bbox 1473 4637 1545 4711; x_wconf 87' lang='lat' dir='ltr'>libri</span> <span class='ocrx_word' id='word_1_407' title='bbox 1562 4642 1689 4713; x_wconf 86' lang='lat' dir='ltr'>Prorrh.</span> <span class='ocrx_word' id='word_1_408' title='bbox 1705 4641 1878 4744; x_wconf 83' lang='lat' dir='ltr'>usurpata,</span> <span class='ocrx_word' id='word_1_409' title='bbox 1891 4671 1947 4718; x_wconf 87' lang='lat' dir='ltr'>cu-</span> 
     </span>
    </p>
   </div>
   <div class='ocr_carea' id='block_1_10' title="bbox 451 4733 1955 5039">
    <p class='ocr_par' dir='ltr' id='par_1_10' title="bbox 451 4733 1955 5039">
     <span class='ocr_line' id='line_1_41' title="bbox 624 4733 1947 4839; baseline 0.017 -42"><span class='ocrx_word' id='word_1_410' title='bbox 624 4733 674 4816; x_wconf 83' lang='lat' dir='ltr'>jus</span> <span class='ocrx_word' id='word_1_411' title='bbox 690 4734 786 4802; x_wconf 80' lang='lat' dir='ltr'>vis&amp;</span> <span class='ocrx_word' id='word_1_412' title='bbox 801 4734 991 4828; x_wconf 82' lang='lat' dir='ltr'>significatio</span> <span class='ocrx_word' id='word_1_413' title='bbox 1006 4738 1153 4807; x_wconf 89' lang='lat' dir='ltr'>nondum</span> <span class='ocrx_word' id='word_1_414' title='bbox 1172 4745 1321 4831; x_wconf 87' lang='lat' dir='ltr'>cuiquam</span> <span class='ocrx_word' id='word_1_415' title='bbox 1342 4760 1420 4810; x_wconf 89' lang='lat' dir='ltr'>nota</span> <span class='ocrx_word' id='word_1_416' title='bbox 1436 4737 1500 4820; x_wconf 88' lang='lat' dir='ltr'>est,</span> <span class='ocrx_word' id='word_1_417' title='bbox 1525 4766 1563 4810; x_wconf 90' lang='lat' dir='ltr'>ne</span> <span class='ocrx_word' id='word_1_418' title='bbox 1574 4745 1696 4813; x_wconf 87' lang='lat' dir='ltr'>Galeno</span> <span class='ocrx_word' id='word_1_419' title='bbox 1706 4747 1840 4839; x_wconf 91' lang='lat' dir='ltr'>quidem</span> <span class='ocrx_word' id='word_1_420' title='bbox 1852 4762 1865 4815; x_wconf 84' lang='grc'>.·</span> <span class='ocrx_word' id='word_1_421' title='bbox 1877 4751 1947 4821; x_wconf 87' lang='lat' dir='ltr'>Nec</span> 
     </span>
     <span class='ocr_line' id='line_1_42' title="bbox 451 4821 1955 4935; baseline 0.014 -41"><span class='ocrx_word' id='word_1_422' title='bbox 451 4915 456 4924; x_wconf 31' lang='grc' dir='ltr'>Ι</span> <span class='ocrx_word' id='word_1_423' title='bbox 525 4821 644 4898; x_wconf 86' lang='lat' dir='ltr'>sufficit</span> <span class='ocrx_word' id='word_1_424' title='bbox 666 4834 799 4899; x_wconf 76' lang='lat' dir='ltr'>Gorraeo</span> <span class='ocrx_word' id='word_1_425' title='bbox 814 4833 921 4905; x_wconf 82' lang='lat' dir='ltr'>dixisse</span> <span class='ocrx_word' id='word_1_426' title='bbox 940 4859 1046 4907; x_wconf 87' lang='lat' dir='ltr'>vocem</span> <span class='ocrx_word' id='word_1_427' title='bbox 1067 4836 1148 4906; x_wconf 82' lang='lat' dir='ltr'>hanc</span> <span class='ocrx_word' id='word_1_428' title='bbox 1168 4842 1294 4935; x_wconf 90' lang='lat' dir='ltr'>reperiri</span> <span class='ocrx_word' id='word_1_429' title='bbox 1313 4840 1649 4935; x_wconf 83' lang='lat' dir='ltr'>apudHippocratem</span> <span class='ocrx_word' id='word_1_430' title='bbox 1677 4869 1733 4914; x_wconf 89' lang='lat' dir='ltr'>nec</span> <span class='ocrx_word' id='word_1_431' title='bbox 1765 4845 1873 4915; x_wconf 89' lang='lat' dir='ltr'>lotum</span> <span class='ocrx_word' id='word_1_432' title='bbox 1892 4848 1955 4919; x_wconf 63' lang='lat' dir='ltr'>dc.</span> 
     </span>
     <span class='ocr_line' id='line_1_43' title="bbox 501 4921 1950 5039; baseline 0.017 -46"><span class='ocrx_word' id='word_1_433' title='bbox 501 4921 682 5024; x_wconf 74' lang='lat' dir='ltr'>tsrgnastt.</span> <span class='ocrx_word' id='word_1_434' title='bbox 710 4928 852 5035; x_wconf 85' lang='lat' dir='ltr'>Galenus</span> <span class='ocrx_word' id='word_1_435' title='bbox 866 4935 1042 5005; x_wconf 80' lang='lat' dir='ltr'>admodum</span> <span class='ocrx_word' id='word_1_436' title='bbox 1061 4929 1181 5004; x_wconf 88' lang='lat' dir='ltr'>dubius</span> <span class='ocrx_word' id='word_1_437' title='bbox 1199 4932 1246 5003; x_wconf 79' lang='lat' dir='ltr'>en</span> <span class='ocrx_word' id='word_1_438' title='bbox 1260 4939 1292 5004; x_wconf 90' lang='lat' dir='ltr'>iu</span> <span class='ocrx_word' id='word_1_439' title='bbox 1310 4959 1346 5008; x_wconf 84' lang='lat' dir='ltr'>ea</span> <span class='ocrx_word' id='word_1_440' title='bbox 1363 4960 1437 5009; x_wconf 81' lang='lat' dir='ltr'>uoce</span> <span class='ocrx_word' id='word_1_441' title='bbox 1451 4940 1663 5036; x_wconf 74' lang='lat' dir='ltr'>explicanda,</span> <span class='ocrx_word' id='word_1_442' title='bbox 1685 4942 1794 5039; x_wconf 85' lang='lat' dir='ltr'>estque</span> <span class='ocrx_word' id='word_1_443' title='bbox 1818 4968 1950 5023; x_wconf 72' lang='lat' dir='ltr'>contem</span> 
     </span>
    </p>
   </div>
   <div class='ocr_carea' id='block_1_11' title="bbox 1843 5065 1902 5117">
    <p class='ocr_par' dir='ltr' id='par_1_11' title="bbox 1843 5065 1902 5117">
     <span class='ocr_line' id='line_1_44' title="bbox 1843 5065 1902 5117; baseline 0 0"><span class='ocrx_word' id='word_1_444' title='bbox 1843 5065 1902 5117; x_wconf 65' lang='lat' dir='ltr'>tus</span> 
     </span>
    </p>
   </div>
   <div class='ocr_carea' id='block_1_12' title="bbox 0 0 2276 5844">
    <p class='ocr_par' dir='ltr' id='par_1_12' title="bbox 0 0 2276 5844">
     <span class='ocr_line' id='line_1_45' title="bbox 0 0 2276 5844; baseline 0 0"><span class='ocrx_word' id='word_1_445' title='bbox 0 0 2276 5844; x_wconf 95' lang='lat' dir='ltr'> </span> 
     </span>
    </p>
   </div>
  </div>
 </body>
</html>
