4534 5850
593 446 1664 555 54lra1oeuroruu

449 626 451 629 ·
544 597 586 672 st,
611 595 868 682 nilexcrcabant‚
891 628 948 675 nec
965 605 1073 678 multo
1095 608 1167 708 post
1182 603 1397 680 raucescebant
1416 655 1427 687 ‚
1451 597 1602 678 nohnulli
1610 603 1681 704 post
1696 599 1897 700 quibusdam
1911 597 1971 681 'tb-

372 683 465 747 zibn.
546 694 674 767 lliculus
689 699 784 778 alter,
809 702 878 771 aliis
891 724 1028 800 uterque
1047 732 1123 778 cum
1147 709 1258 778 dolore
1272 703 1553 778 inflammabatur.
1579 707 1719 775 Galenus
1735 711 1770 774 in
1794 699 1968 776 commita

364 770 467 844 sm·
547 836 570 874 „
595 798 655 863 ait.
682 796 757 864 Pars
780 795 866 869 illius
889 801 1037 875 humoris
1058 812 1117 902 qui
1135 811 1169 876 in
1192 808 1345 904 pulmone
1367 829 1469 887 etat,
1499 829 1560 902 pro
1583 806 1733 899 eoquod
1762 798 1965 877 consentiunt

425 945 457 1013 4
546 938 571 975 „
595 894 710 989 pulmo
729 899 765 964 &
787 897 875 968 testes
896 902 940 972 ad
953 925 1006 972 cos
1022 909 1129 976 vertite
1152 913 1188 978 δι
1210 908 1303 1001 quod
1316 907 1358 975 ad
1382 906 1468 976 testes
1493 911 1606 981 venit,
1638 899 1776 973 deteriu’s
1801 924 1872 973 erat
1895 929 1934 974 eo
1959 952 1969 983 2

546 991 684 1085 „quod
705 998 849 1097 primum
872 1001 911 1069 ad
936 1001 1114 1083 thoracem,
1138 1012 1296 1100 quoniam
1320 1006 1531 1076 diuturnitate
1564 1023 1836 1101 computruerat.
1861 1007 1972 1073 Minor

481 1151 511 1209 ἡ
546 1092 712 1185 quomodo
727 1094 752 1160 is
775 1096 813 1165 stt
831 1093 998 1172 consensus
1017 1105 1182 1202 pulmonis
1211 1109 1244 1173 δι
1270 1108 1385 1178 ventris
1409 1100 1579 1204 superioris
1602 1126 1678 1171 cum
1698 1098 1871 1172 inferiore.
1906 1106 1971 1174 Ga·

371 1162 464 1314 ξπ..
547 1186 637 1260 lenus
651 1196 763 1272 enim,
786 1196 865 1267 dum
880 1202 1035 1271 rationem
1059 1204 1161 1273 reddit
1185 1226 1243 1272 cut
1256 1197 1427 1296 gibberum
1445 1209 1480 1271 in
1506 1198 1668 1300 spondylis
1681 1200 1820 1271 thoracis
1841 1226 1909 1271 non
1926 1199 1971 1273 sa·

371 1309 518 1388 ,ΛΜ
546 1286 606 1359 cile
629 1285 777 1361 solvatur
793 1318 851 1392 ptr
872 1294 1105 1389 dysinteriam,
1129 1321 1191 1372 aut
1211 1295 1381 1372 abscessum
1406 1309 1440 1370 in
1457 1297 1567 1378 tibiis,
1590 1320 1628 1369 ut
1652 1294 1820 1395 gibbetum
1838 1305 1873 1369 in
1886 1302 1972 1370 lurn-

376 1402 514 1478 μεὶς.
549 1381 617 1470 bis,
641 1397 774 1460 recurrit
798 1396 839 1464 ad
852 1395 1073 1472 difficultatem
1097 1403 1243 1474 viarum:
1263 1404 1356 1495 quod
1372 1425 1436 1470 non
1460 1402 1497 1470 stt
1520 1419 1648 1498 promta
1684 1405 1720 1468 δι
1742 1420 1853 1496 aperta
1885 1404 1974 1471 viaa

376 1490 411 1544 ee
432 1490 520 1548 artic,
549 1488 677 1561 thorace
693 1489 732 1558 ad
751 1513 856 1588 partes
876 1492 1050 1589 inferiores:
1083 1504 1191 1569 lmmo
1211 1502 1338 1573 videtur
1354 1523 1467 1594 negare
1504 1501 1573 1569 lane
1586 1499 1667 1569 ullas
1684 1500 1836 1579 viasesle,
1851 1494 1974 1592 quibus

546 1591 678 1658 materia
697 1585 869 1689 apartibus
884 1588 1100 1699 superiqribus
1124 1595 1356 1670 transnittatur
1382 1603 1423 1669 ad
1448 1526 1626 1669 iustiores.
1653 1599 1755 1700 Qod
1779 1601 1803 1666 st
1827 1619 1939 1670 verum
1964 1646 1976 1679 ,

548 1688 717 1781 quomodo
731 1688 864 1759 dicimus
886 1695 1089 1789 pulmonicos
1113 1694 1192 1796 sape
1207 1723 1267 1796 per
1288 1719 1456 1778 uentrem,
1481 1704 1516 1769 dc
1540 1705 1649 1765 urinas
1673 1702 1874 1793 repurgati?

545 1855 565 1886 ,Α
598 1785 712 1856 Audio
737 1783 945 1862 Ambrofium
969 1795 1113 1865 Paratum
1128 1801 1162 1865 in
1185 1793 1248 1866 suis
1262 1797 1633 1894 hypomnemoneumatis
1662 1796 1821 1867 annotasse
1844 1797 1970 1867 cuidam

549 1885 679 1954 mulieri
694 1879 850 1958 obortum
872 1887 961 1961 suisle
985 1899 1020 1963 in
1035 1919 1127 1966 crure
1150 1890 1378 1980 tuberculum,
1398 1894 1503 1996 pisum
1521 1896 1741 1989 magnitudine
1765 1897 1973 1991 adequans»

548 1998 619 2075 quo
634 2002 726 2053 tanto
767 2009 799 2055 re
814 1995 1028 2070 cruciaretur,
1053 2015 1093 2062 ut
1113 1997 1346 2067 convelleretur
1366 1998 1480 2098 plane3
1504 1997 1619 2065 deinde
1634 1995 1858 2092 diaphottticis
1880 1991 1975 2065 obor-

550 2086 593 2151 tis
615 2009 784 2153 sudoribds
800 2080 1003 2160 semimortua
1017 2098 1146 2177 jaceret.
1171 2097 1264 2190 Qid
1280 2095 1363 2164 illud
1386 2116 1453 2164 erat
1473 2111 1486 2163 .>
1510 2097 1678 2188 Malignus
1702 2095 1850 2170 humor,
1881 2117 1974 2181 cums

549 2204 625 2281 pars
647 2185 783 2252 minimo
795 2183 966 2257 tumores
988 2186 1164 2287 prodebat,
1186 2195 1240 2262 reli
1264 2217 1347 2263 uum
1364 2214 1404 2264 ut
1415 2195 1514 2264 latens
1537 2216 1695 2266 venenum
1719 2187 1881 2289 strperet,
1907 2216 1976 2262 ma-

551 2299 702 2376 naretque
717 2283 864 2378 longius,
888 2310 924 2357 ac
939 2292 1065 2358 tandem
1082 2294 1115 2359 in
1130 2217 1314 2364 consetsum
1330 2287 1494 2365 cerebrum
1509 2288 1720 2370 trahebatur,
1750 2309 1810 2360 aut
1830 2276 1976 2361 'commu-

551 2387 659 2450 nicato
676 2403 810 2480 vapore,
832 2404 890 2455 aut
914 2388 1004 2456 nullo
1019 2395 1276 2468 communicato.
1304 2395 1413 2488 Atque
1436 2396 1539 2464 hiede
1563 2386 1686 2462 morbis
1707 2414 1764 2491 per
1786 2385 1968 2461 consensum

552 2483 614 2550 tria
626 2483 873 2555 animadvertere
885 2491 1057 2566 convenit,
1081 2483 1298 2562 observatione
1320 2491 1524 2586 digniffima:
1556 2495 1702 2562 Primum
1731 2487 1778 2559 est
1790 2538 1804 2572 ‚
1826 2515 1867 2560 an
1882 2498 1917 2558 in
1941 2515 1976 2558 o-

552 2586 621 2648 mni
637 2573 753 2648 morbo
777 2606 833 2678 pcr
846 2579 1047 2669 consensum,
1070 2609 1129 2659 aut
1154 2591 1292 2667 flatum,
1306 2610 1365 2659 aut
1389 2591 1552 2670 ichotem,
1575 2611 1634 2660 aut
1650 2592 1820 2660 humorem
1837 2592 1975 2684 aliquem

554 2678 594 2746 ad
613 2695 734 2774 partem
759 2702 832 2772 quae
853 2705 924 2750 com
949 2691 1048 2755 atitur
1069 2711 1105 2756 ac
1127 2683 1300 2766 consentit,
1325 2686 1492 2759 transmitti
1513 2709 1686 2787 oporteat.
1718 2691 1863 2759 Galenus
1876 2682 1976 2758 tribus

555 2777 659 2845 modis
671 2776 762 2845 docet
777 2802 834 2877 pet
856 2710 1040 2854 condusam
1057 2787 1142 2865 fieri,
1164 2807 1224 2858 aut
1238 2794 1320 2881 quia
1337 2785 1467 2858 facultas
1483 2814 1548 2858 non
1573 2785 1815 2891 suppeditatur,
1836 2792 1976 2881 autquia

554 2877 685 2947 materia
698 2876 792 2959 defit,
817 2898 855 2949 ut
870 2883 903 2951 in
921 2879 1143 2984 respiratione,
1167 2905 1228 2958 aut
1241 2910 1299 2986 per
1321 2912 1361 2960 va
1406 2913 1477 2960 res:
1506 2893 1621 2991 Qum
1641 2912 1697 2988 per
1716 2910 1850 2987 vapores
1875 2891 1976 2956 oritur

426 2974 438 2994 '
556 2966 706 3054 morbus,
719 2973 781 3050 scre
795 2983 853 3061 fit,
874 3002 915 3053 ut
928 2985 951 3053 st
966 2985 1087 3055 malum
1097 2980 1286 3086 perseueret,
1302 2914 1430 3059 tanddn
1446 2990 1592 3087 inpresso
1606 2994 1639 3059 in
1648 3007 1739 3086 parte
1753 2986 1883 3081 vestigio
1892 3008 1977 3055 mor·

554 3069 615 3145 bus
638 3101 693 3174 pet
716 3085 952 3181 protopathiam
981 3088 1126 3156 oriatur.
1160 3089 1219 3158 Sed
1245 3089 1426 3157 Arculanus
1453 3088 1569 3155 mellus
1598 3085 1709 3155 stautit
1730 3087 1892 3180 duplicem
1925 3081 1981 3155 esse

553 3171 743 3253 ripaltae,
767 3181 1047 3267 (communitatem
1062 3187 1172 3271 vocat)
1197 3206 1296 3254 unam
1311 3178 1507 3260 absolutam,
1531 3184 1661 3252 alteram
1682 3205 1747 3248 non
1772 3177 1981 3253 absolutam.

554 3270 712 3353 Absoluta
727 3279 866 3361 dicitur,
888 3307 995 3378 quum
1013 3308 1051 3355 ex
1075 3276 1220 3354 membro
1248 3285 1500 3350 communicante
1513 3282 1556 3349 nil
1581 3282 1720 3351 traditur
1742 3280 1770 3346 ei
1797 3286 1881 3374 parti
1907 3302 1983 3372 qut

551 3368 707 3468 consentit
721 3401 833 3474 prater
850 3382 1038 3481 pastionem.
1063 3384 1122 3456 Nil
1138 3404 1214 3456 uero
1227 3383 1370 3454 traditur
1382 3404 1593 3484 corporeum,
1617 3400 1655 3449 ut
1671 3379 1815 3454 humor,
1839 3398 1947 3473 vapor
1970 3424 1982 3454 ,

555 3469 577 3543 s
591 3479 698 3557 iritus,
724 3477 841 3553 fluus-
867 3485 949 3557 Non
960 3480 1108 3559 absoluta
1131 3507 1209 3559 vero
1233 3484 1383 3561 elicitur,
1405 3505 1511 3577 quum
1533 3504 1552 3551 a
1578 3499 1696 3582 parte,
1727 3474 1926 3545 afftciionem
1948 3478 1980 3542 in

449 3578 477 3644 5·
556 3501 614 3644 do
630 3577 700 3645 smu
717 3582 837 3661 aleirte,
861 3584 984 3675 aliquid
998 3586 1039 3652 ad
1064 3580 1259 3651 consentiens
1274 3577 1456 3652 membrum
1471 3581 1684 3647 demandatur
1701 3603 1713 3651 ι
1736 3574 1825 3667 quod
1841 3574 1981 3642 consimi-

556 3672 617 3739 lcm
632 3668 695 3742 {ert
708 3677 905 3747 affectionum
920 3680 1038 3769 pariat.
1066 3672 1231 3744 Absblutae
1253 3676 1435 3769 exemplum
1460 3674 1528 3753 est,
1550 3674 1647 3740 dolor
1668 3674 1778 3768 capitis
1800 3692 1890 3741 ortus
1914 3668 1981 3769 poll

389 3794 460 3864 (3,),
474 3792 528 3859 74.
557 3760 716 3865 spasmum
733 3770 862 3856 alicujus
875 3776 989 3866 partis,
1014 3790 1073 3839 aut
1097 3775 1197 3839 totius
1213 3774 1378 3866 corporis:
1409 3769 1539 3837 dolora
1564 3768 1753 3867 punctura,
1777 3771 1871 3838 dolor
1896 3775 1980 3866 capi·
2013 3792 2016 3796 ·

383 3875 473 3947 serm·
494 3879 525 3945 4·
559 3874 601 3935 tis
615 3886 671 3960 per
695 3861 877 3938 consensum
891 3866 1145 3957 junenrarum.
1179 3870 1260 3939 Item
1276 3872 1310 3935 in
1343 3863 1450 3936 hirore
1471 3871 1568 3960 uteri:
1594 3891 1669 3937 nam
1701 3869 1816 3938 Aetius
1844 3865 1981 3937 sutorem

390 3969 478 4012 um·
496 3960 529 4028 4·
560 3969 642 4038 uteri
663 3956 706 4032 ab
731 3973 855 4038 uterina
868 3963 1071 4041 suffocatione
1087 3965 1268 4061 distinguit3
1293 3966 1382 4061 quod
1396 3967 1430 4033 in
1454 3962 1560 4036 surore
1585 3975 1672 4037 uteri
1698 3966 1797 4066 pallio
1822 3961 1886 4062 ipsa
1920 3968 1981 4036 stne

530 4085 532 4089 ·
560 4088 691 4166 corpore
707 4067 795 4147 ullo,
820 4062 870 4136 sed
884 4061 946 4139 sola
961 4062 1023 4137 fere
1037 4069 1193 4164 qualitate
1207 4060 1335 4136 cerebro
1351 4070 1620 4138 communicetur.
1640 4072 1720 4137 item
1735 4089 1841 4159 quum
1848 4065 1986 4143 dicitur,

758 4173 936 4265 Quumque
949 4183 1046 4257 caput
1062 4169 1202 4240 dolicae,
1224 4186 1331 4234 cetera
1349 4163 1493 4233 membra
1508 4168 1631 4244 donat.

393 4263 486 4327 Morbi
571 4337 575 4345 Ι
613 4260 666 4330 An
680 4271 939 4337 communicatur
957 4266 1045 4334 aliud
1061 4284 1175 4361 prater
1196 4266 1376 4358 quamdam
1390 4264 1614 4343 affectionem,
1640 4268 1778 4333 materici
1799 4265 1904 4332 omnis
1926 4284 1984 4332 ex-

327 4446 334 4453 ·
389 4366 438 4427 W
475 4369 537 4410 ‘0²²'
564 4361 702 4460 petrem?
727 4366 766 4432 ln
789 4386 859 4459 quo
881 4383 1009 4462 oportet
1025 4385 1146 4463 partem
1165 4360 1267 4462 reapse
1291 4357 1461 4445 laborare,
1484 4368 1563 4458 quia
1579 4365 1723 4437 definitio
1746 4364 1811 4432 hec
1827 4360 1871 4431 est
1893 4362 1986 4430 dolo-

392 4432 505 4505 ΜΨ
563 4465 623 4539 ria,
647 4481 747 4531 utres
759 4466 959 4534 materialiter
974 4468 1153 4566 imprimat:
1178 4489 1243 4533 non
1262 4463 1351 4558 quod
1369 4467 1550 4558 requiratur
1566 4468 1698 4534 materia
1712 4467 1745 4529 in
1759 4464 1848 4527 omni
1863 4461 1985 4537 dolote,

395 4531 532 4670 {2⁰22ss
564 4582 603 4629 eo
619 4556 790 4655 prasertim
803 4567 861 4657 qui
878 4567 916 4634 fit
935 4588 991 4662 pcr
1006 4558 1207 4645 consensum,
1232 4557 1281 4632 sed
1295 4580 1332 4631 ut
1348 4564 1537 4634 excludatur
1550 4565 1661 4661 opinio
1681 4579 1814 4632 eorum,
1837 4562 1895 4650 qui
1923 4584 1983 4659 pu-

563 4677 633 4731 tant
647 4655 825 4732 absolutam
831 4666 1278 4737 communicationemdolon's
1290 4662 1479 4756 eise,quum
1495 4654 1605 4756 speeies
1618 4653 1987 4760 intentionalesoffcrum

398 4821 425 4875 c
566 4761 712 4836 tur5,At
736 4763 795 4832 hoc
819 4759 958 4833 salsum.
984 4766 1074 4835 Nam
1100 4767 1263 4835 communi
1287 4756 1386 4831 sensui
1406 4756 1570 4829 necessario
1592 4750 1704 4851 species
1726 4754 1845 4823 doloris
1868 4750 1985 4850 objici-

397 4837 525 4978 ἐπ,
570 4875 644 4935 tur,
668 4856 720 4928 sed
736 4885 801 4928 non
819 4882 985 4958 propterca
1009 4858 1151 4933 laborat.
1969 4877 1975 4886 '

402 5000 449 5047 10,
483 4946 537 5054 m]
618 4960 799 5031 Secundum
820 4964 916 5056 eui'u¹
937 4984 1011 5054 quae
1025 4964 1208 5059 explicanda
1230 4948 1475 5060 proposuimus,
1499 4949 1653 5049 estquod
1679 4955 1820 5026 Galenus
1845 4948 1987 5031 miore,

1857 5059 1938 5147 qui-
