4534 5850
581 474 650 539 ¹24
823 449 1652 521 EPIDEMIORUM

525 602 606 670 tidie
622 621 717 666 mane
736 598 1062 688 nsanderetsalviam
1073 641 1084 675 ‚
1109 594 1148 668 cb*
1167 597 1253 663 illius
1276 594 1333 686 usn
1351 599 1476 664 malum
1497 597 1708 664 imminutum
1721 593 1838 686 fuiffe.
1870 605 1958 671 Mn.

519 720 625 790 gnam
640 698 760 791 pituita
783 703 906 793 copiam
924 690 1088 778 educebat,
1100 740 1112 773 ,
1135 716 1176 763 ac
1201 692 1351 763 credibile
1382 718 1403 761 n
1419 691 1631 784 frigidiffima
1662 701 1806 788 quodam
1832 702 1954 791 pituita

523 797 710 886 eosdolsm
725 800 907 874 excitatos,
931 797 1114 881 adjuvante
1133 800 1272 882 quodam
1292 793 1425 869 calore,
1451 796 1490 864 cb*
1518 791 1657 885 pblogofi
1668 798 1798 864 interna
1818 848 1827 864 .
1872 804 1955 867 lteno

521 897 635 972 fimum
649 894 800 987 equinum
819 918 896 964 vina
912 889 980 963 albo
996 895 1200 963 maceravit.
1225 893 1346 964 Vinum
1363 895 1588 960 macerationis
1618 914 1735 983 magna
1750 893 1897 988 prosellu
1921 900 1955 986 se

517 989 656 1085 sumsffl
673 990 861 1077 confitetur.
1897 979 1905 989 ’

579 1116 607 1182 5.
634 1094 736 1158 Hunc
753 1090 899 1180 affet‘lum
921 1092 1067 1185 explicat
1096 1088 1253 1167 Aetius,
1285 1087 1390 1179 capite
1408 1088 1449 1158 de
1477 1089 1517 1155 iis
1542 1085 1655 1184 quibus
1678 1087 1859 1160 (lomacbus
1887 1094 1950 1184 dis,

517 1191 639 1283 solutus
656 1185 718 1273 est,
736 1193 833 1257 alnus
850 1210 959 1259 anteon
978 1185 1148 1270 adllrilla.

576 1294 608 1356 6.
633 1292 676 1352 Et
695 1284 885 1380 Apborisrno
917 1296 973 1374 64.
994 1282 1045 1355 lib.
1068 1310 1100 1375 7.
1133 1281 1319 1380 Apborism.
1338 1285 1430 1354 docet
1456 1286 1610 1379 Hippocr.
1640 1312 1701 1356 non
1726 1287 1787 1376 effi:
1817 1291 1946 1361 dandas

520 1387 640 1458 multas
654 1380 833 1471 sorbitiones
856 1411 955 1483 quum
966 1382 1163 1476 strigmenta
1188 1381 1320 1471 suntin
1338 1386 1464 1460 urinis,
1489 1386 1720 1480 (quamquam
1742 1389 1865 1479 legitur
1882 1413 1950 1458 von

525 1476 769 1571 meminent)
795 1493 840 1553 Et
860 1509 999 1560 revera,
1018 1503 1054 1550 ut
1081 1507 1124 1552 ex
1149 1475 1393 1576 procedentibus
1418 1501 1540 1575 patet,
1566 1485 1607 1557 ὠ
1627 1510 1672 1555 en
1699 1507 1806 1558 mente
1834 1491 1953 1559 Galent'

524 1590 567 1658 do
583 1583 686 1650 urinis
708 1581 794 1652 locus
807 1587 1033 1675 intelligendus
1054 1579 1118 1667 est.

576 1709 608 1770 7.
634 1681 675 1747 Si
685 1678 807 1768 fiscum
820 1681 900 1771 sano
918 1679 969 1771 eb,
981 1680 1190 1776 propinquius
1210 1682 1246 1747 in
1266 1674 1510 1754 vulneribus&
1528 1679 1687 1752 ulceribus
1706 1727 1718 1762 ,
1748 1683 1781 1778 st
1790 1705 1950 1779 provoca·

525 1785 569 1851 tio
582 1778 737 1869 sudorum
751 1799 821 1849 tarn
834 1777 980 1874 prodest,
1004 1779 1033 1855 li
1051 1782 1143 1849 dieta
1154 1823 1166 1854 ,
1190 1781 1230 1850 (b
1254 1775 1419 1863 dedicatio
1448 1797 1577 1847 tantum
1602 1781 1760 1874 proficit;
1797 1808 1857 1852 cnr
1879 1801 1951 1849 tuns

524 1882 621 1950 multi
630 1876 741 1965 sumus
764 1881 800 1946 in
817 1877 874 1967 usu
883 1879 1101 1969 jusculorume
1128 1878 1230 1947 vnde
1248 1878 1322 1943 Gal.
1341 1898 1412 1967 cap.
1434 1879 1568 1957 ultimo,
1590 1876 1644 1951 lib.
1661 1907 1696 1966 4.
1715 1881 1756 1949 de
1771 1881 1830 1950 loc·
1852 1880 1903 1969 off.
1915 1884 1951 1946 in

525 1978 635 2068 offella
649 1976 837 2069 pulmonum
854 2001 930 2045 curro
957 1978 1175 2069 corruptione,
1201 1974 1260 2058 (ut
1271 1973 1348 2066 sepe
1365 1977 1400 2042 in
1425 1978 1515 2066 egris
1532 1976 1819 2070 deprebendimus)
1843 1982 1950 2046 utitur

525 2077 613 2147 omni
630 2072 835 2166 destccatione
845 2121 858 2154 ,
882 2079 986 2143 utitur
1003 2076 1175 2152 aromatis,
1201 2075 1241 2146 (θ’
1258 2069 1476 2142 mitbridatio.
1503 2077 1558 2145 At
1575 2077 1662 2144 dices
1679 2121 1690 2151 ,
1716 2097 1830 2168 corpus
1859 2094 1952 2144 ente·

527 2192 665 2244 nuatum
681 2169 744 2256 est.
769 2177 866 2280 Quid
883 2189 974 2242 tum?
998 2177 1133 2267 Oportet
1151 2174 1238 2240 enim
1264 2172 1470 2265 putredinem
1500 2176 1683 2264 corrigere,
1706 2180 1791 2242 unde
1822 2176 1952 2262 vulgus

529 2274 715 2366 noninepte
731 2275 834 2352 dicit,
857 2270 941 2341 bunc
960 2292 1019 2341 not
1037 2274 1129 2340 illuns
1145 2273 1309 2364 pulmones
1327 2266 1464 2360 babuiffe
1471 2291 1604 2368 putres,
1622 2267 1657 2341 ob
1674 2292 1784 2341 rerum
1806 2272 1951 2364 liquida·

528 2395 605 2441 rum
614 2420 626 2451 ‚
644 2373 683 2445 (o
698 2392 790 2467 potus
807 2377 947 2466 copiam.
972 2376 1100 2440 Tamen
1118 2373 1154 2438 in
1171 2369 1373 2466 orthopnoea,
1397 2374 1436 2445 cb*
1456 2369 1638 2462 difficultate
1660 2371 1807 2466 spirandi
1828 2414 1840 2447 ,
1870 2389 1952 2462 pre-

523 2472 638 2562 sertim
656 2470 696 2540 ab
714 2467 928 2552 obstrullionc,
948 2496 1008 2538 non
1025 2474 1160 2539 videtur
1187 2465 1407 2553 abstinendum
1431 2469 1491 2555 effe
1507 2466 1547 2536 ab
1576 2470 1634 2558 usu
1653 2469 1853 2559 jusculorum
1872 2511 1885 2544 ,
1910 2468 1948 2538 (κ’

527 2591 639 2639 rerum
657 2572 879 2658 lquidarumt
903 2575 946 2631 Et
964 2573 1048 2634 mnle
1058 2563 1198 2651 fortaffls
1215 2564 1367 2641 fiscantia
1383 2567 1576 2657 pulmonicis
1607 2563 1853 2660 prnlcrrbuntur
1873 2617 1881 2634 .
1904 2567 1949 2633 ld

528 2689 590 2735 non
611 2683 701 2731 caret
719 2662 918 2752 dffcultate.
947 2669 990 2725 Et
1011 2684 1111 2727 unum
1128 2661 1276 2727 manime
1296 2655 1528 2748 observandum
1547 2660 1612 2746 est3
1631 2665 1703 2752 usus
1725 2688 1837 2734 rerum
1854 2664 1948 2758 liqui-

526 2764 648 2832 derum
668 2761 840 2827 ventriculi
856 2761 946 2825 vires
965 2756 1104 2846 disclusis
1115 2802 1127 2835 ,
1153 2758 1193 2829 cb*
1213 2754 1361 2844 facultas
1380 2763 1542 2829 retentrix
1570 2764 1583 2828 i
1600 2761 1663 2847 fine
1689 2766 1866 2832 ventriculi
1890 2785 1947 2831 ea·-

520 2859 677 2949 solvitur.
704 2859 763 2924 Sic
782 2859 822 2932 ά·
842 2858 887 2927 ad
898 2852 1098 2945 facultatem
1117 2860 1346 2937 retentrisem,
1371 2862 1409 2935 (b
1436 2861 1654 2933 attrallricem
1679 2864 1846 2933 moderata
1875 2856 1948 2950 defi·

527 2958 642 3027 derari
660 2952 753 3027 debet
761 2955 912 3047 ficcitas.
940 2964 1038 3025 Porro
1052 2958 1251 3049 jusculorum
1258 2956 1417 3053 frequens
1438 2960 1511 3050 usus
1529 2957 1702 3057 hydropem
1717 2964 1948 3054 pulmonisue-

527 3054 639 3145 cerstt.
666 3064 710 3124 Et
728 3076 766 3125 ut
781 3054 861 3130 licta
879 3062 1056 3151 impediunt
1076 3058 1335 3151 expelloratnno,
1361 3063 1409 3128 ita
1419 3056 1613 3151 frequenter
1631 3051 1801 3150 usurpata*
1813 3056 1951 3127 humida

522 3155 653 3251 [putum
671 3157 820 3232 diluunt,
846 3158 885 3229 (b
905 3157 1089 3247 effeminant
1107 3204 1118 3234 ,
1138 3176 1175 3221 ut
1195 3158 1299 3222 minus
1323 3174 1435 3249 aptum
1452 3157 1611 3222 reddatur
1626 3158 1830 3223 eucretloni.

581 3254 611 3322 8.
638 3254 702 3342 Ille
720 3257 760 3329 ῤ’
779 3251 893 3345 biliosos
911 3258 1025 3323 multos
1040 3253 1185 3321 bumores
1203 3257 1362 3342 congerit,
1388 3256 1427 3327 ὠ
1445 3255 1560 3322 crudos
1583 3254 1717 3329 multos,
1742 3249 1875 3338 nesciri
1891 3274 1954 3344 po.

527 3348 615 3439 tell:
640 3358 680 3429 cb
696 3374 864 3449 propterea
880 3353 1070 3448 periculosus
1088 3346 1213 3420 morbus
1233 3351 1297 3438 cll.
1325 3359 1421 3422 Nam
1449 3349 1591 3418 Galenus
1619 3371 1731 3418 comm.
1755 3353 1800 3416 ad
1815 3343 1886 3429 bist.
1910 3355 1954 3421 de

525 3495 551 3543 ,ρ
576 3455 684 3524 Sileno
701 3457 748 3523 ita
760 3452 906 3550 scripſst.
930 3449 1118 3545 Gravifimi
1129 3451 1206 3542 sunt
1226 3447 1346 3531 morbi,
1371 3454 1406 3520 in
1425 3449 1535 3546 quibus
1548 3446 1646 3537 boliofi
1664 3444 1802 3516 humoris
1820 3445 1860 3518 (b
1873 3470 1952 3516 cru·

527 3597 553 3630 ‚,
577 3555 613 3621 di
625 3554 715 3644 succi
726 3540 856 3642 ‘magna
873 3557 1032 3642 colligitur
1050 3555 1162 3645 copia.

577 3675 601 3731 9
628 3650 695 3732 lsln
713 3645 837 3711 consola
857 3647 948 3731 forte
971 3646 1073 3737 potest
1100 3649 1261 3712 nominari
1269 3646 1376 3717 κάσις.
1401 3653 1518 3746 Quum
1544 3647 1631 3713 enim
1650 3646 1724 3713 avis
1751 3640 1946 3737 prepeto‘bus

528 3746 588 3811 alis
602 3742 742 3829 subnixa
762 3743 881 3820 volat,
916 3743 1037 3809 dicitur
1056 3738 1114 3825 effe
1132 3740 1158 3803 ir
1172 3740 1207 3820 τῇ
1225 3736 1330 3808 edors:
1362 3764 1436 3807 curn
1458 3745 1516 3809 telo
1528 3742 1674 3836 percuffa
1692 3745 1850 3820 decidit,
1885 3741 1947 3829 ista

522 3847 610 3935 perit
626 3835 725 3912 riost.
752 3838 847 3907 Idem
870 3839 1023 3926 contingit
1039 3839 1074 3903 in
1093 3834 1192 3921 nostro
1211 3859 1361 3930 corpore.
1388 3842 1477 3909 Hinc
1500 3841 1655 3931 sudorum
1678 3847 1801 3934 eruptio
1832 3844 1945 3909 critica

518 3938 564 4025 fit
576 3960 636 4031 per
653 3940 832 4032 quamdam
851 3930 931 4002 cebro
951 3961 959 4004 ι
980 3935 1225 4029 symptomatica
1243 3959 1320 4005 uero
1338 3941 1514 4031 quomdam
1540 3934 1627 4006 >ibon
1653 3988 1665 4018 ,
1696 3950 1721 4025 ip
1747 3933 1903 4026 lhooipson
1930 3987 1941 4017 ,

526 4032 664 4113 λυὲέσκς
682 4037 729 4110 τῆς
755 4031 800 4117 iis
816 4031 915 4112 meeber
937 4028 1036 4114 φύσεως
1058 4033 1086 4098 e'r
1119 4032 1154 4116 τῇ
1178 4030 1249 4102 τάσει
1273 4031 1328 4101 ool
1353 4031 1446 4111 botc-
1474 4042 1532 4107 Sic
1565 4039 1759 4129 Epileptr'ctts
1794 4038 1947 4131 paroxys-

524 4158 598 4204 mus
621 4137 647 4198 ἐκ
672 4130 743 4197 coloss
767 4129 832 4195 broc
857 4136 992 4201 dicitur:
1006 4126 1172 4218 παράλυσις
1190 4156 1267 4202 vero
1291 4132 1317 4198 ir
1342 4129 1509 4204 nio-corni.
1537 4141 1581 4202 Et
1597 4140 1696 4204 omnis
1724 4132 1880 4223 convulfio
1899 4131 1945 4217 ell

524 4232 553 4319 ᾖν
577 4232 612 4314 τῇ
627 4223 630 4228 ’
643 4227 715 4297 colcu
728 4223 829 4311 burbone
846 4230 985 4326 pamfli,
1006 4232 1218 4321 paraplegia,
1234 4229 1388 4325 paralysts
1412 4231 1437 4296 is
1463 4234 1497 4317 rip
1520 4227 1621 4302 nisu.
1642 4240 1744 4336 Quod
1763 4241 1945 4330 Hippocra-

522 4347 573 4400 tes
598 4353 631 4400 2.
658 4328 803 4421 Epidern.
822 4331 993 4409 declarat,
1011 4328 1051 4403 ὦ*
1070 4351 1126 4396 nos
1142 4331 1177 4399 in
1195 4325 1323 4401 hiberia
1338 4331 1490 4403 Vandolii
1515 4332 1806 4406 demonstravimus
1835 4334 1944 4428 paullo

526 4446 618 4499 unle-
1776 4447 1782 4460 “

584 4550 640 4595 oo.
665 4530 745 4597 Huc
756 4532 898 4621 pertinet
920 4524 1037 4625 questio
1058 4528 1099 4600 de
1118 4528 1236 4620 afinino
1254 4530 1355 4607 labie,
1372 4531 1457 4623 quod
1475 4527 1682 4625 Elephantem
1702 4535 1821 4611 arctt',
1844 4553 1945 4627 quuno

520 4649 607 4720 earo
623 4624 745 4717 afinina
763 4632 911 4699 eumdem
930 4629 1091 4719 accersat.
1118 4638 1239 4737 Quum
1265 4632 1352 4698 enim
1379 4631 1431 4698 lac
1451 4630 1537 4721 estne
1565 4651 1591 4696 rc
1608 4629 1773 4725 potiusab
1794 4629 1909 4726 bcpate
1933 4674 1944 4707 ,

515 4746 628 4821 ,quam
644 4719 684 4793 ub
715 4720 843 4807 babitn,
856 4730 895 4802 cb
913 4731 1045 4798 nutritio
1063 4725 1189 4798 babitus
1208 4728 1253 4817 stt
1273 4726 1475 4822 perfellior‚
1501 4753 1599 4822 quom
1625 4733 1772 4823 partium
1799 4734 1945 4799 interna·

528 4848 622 4893 runi:
638 4821 887 4921 consentaneum
900 4829 1053 4906 videtur,
1071 4846 1108 4895 nt
1123 4831 1231 4920 potius
1249 4829 1299 4894 lac
1320 4848 1406 4894 asne
1426 4826 1570 4918 accersat
1593 4826 1826 4923 Elepbantem,
1844 4848 1943 4923 quam

527 4947 603 4995 caro
619 4920 689 5018 ipsa
707 4919 887 5015 astnarum.
