4534 5850
447 453 635 540 -·2u
767 429 1740 548 connsnrnnrusrnrrn

525 609 606 679 dum
624 608 713 707 plane
726 602 941 691 oblitustione
960 605 1134 705 oppilativa
1150 607 1185 674 δι
1201 602 1276 673 reali
1293 647 1306 682 ,
1343 603 1430 676 valet
1445 604 1487 673 ad
1499 613 1737 679 attenuativam
1759 659 1767 676 .
1795 609 1843 680 Sic
1856 593 1954 706 'Hip

522 725 670 806 ¹pocrates
684 698 830 779 observat
847 709 970 801 eosqui
988 704 1178 776 midiuriunt
1203 703 1238 770 in
1264 701 1386 772 calculo
1413 721 1471 772 aut
1496 698 1622 793 dvsuria
1651 729 1762 802 cogere
1787 712 1820 776 in
1850 709 1952 780 uesrca

384 810 450 881 xil.
469 819 501 881 6.
523 802 673 892 'multum
688 800 767 875 fecis
782 804 862 874 dum
879 807 911 872 in
927 805 1038 873 dolore
1058 803 1275 897 comprimunt
1294 822 1330 866 os
1347 802 1450 869 vestcae
1469 847 1479 879 ,
1514 804 1593 895 quia
1609 809 1737 875 tenuior
1753 810 1885 876 materia
1898 828 1953 874 er·

523 890 697 1005 primitur,
720 898 778 973 saen
795 903 963 981 remmrsrt.
990 905 1026 969 ln
1043 893 1159 968 morbo
1177 891 1261 966 sacro
1287 894 1455 992 prasertim
1568 899 1796 989 τριπόδην
1823 901 1870 973 ob
1900 926 1954 975 ve-

417 1078 419 1083 ,
529 1023 627 1074 terem
643 995 748 1071 labem
765 995 928 1071 cerebrum
946 993 1051 1095 ipsum
1067 991 1237 1091 liquescit,
1271 998 1304 1064 in
1321 996 1412 1096 Epid.
1433 998 1467 1067 id
1482 921 1564 1067 sesne
1592 1001 1637 1069 est
1656 1004 1745 1096 quod
1762 1024 1858 1076 vocat
1878 1020 1967 1071 con·⁷

530 1096 722 1172 funtionem
735 1092 873 1176 cerebri,
898 1102 1006 1167 Graece
1029 1091 1191 1173 ἀνάλωσιν,
1224 1097 1261 1164 fit
1273 1117 1366 1189 ‚aqua
1392 1119 1466 1191 quae
1483 1097 1574 1166 alluit
1593 1103 1625 1166 δι
1643 1096 1747 1169 ambit
1763 1098 1950 1178 cerebrum,

530 1205 568 1273 δι
588 1201 619 1268 id
636 1197 726 1293 quod
744 1194 880 1281 influit(
898 1188 1059 1282 s'rri'p'p‘ru)
1083 1217 1100 1262 e
1123 1196 1209 1267 venis
1227 1194 1237 1275 l
1256 1218 1319 1265 vox
1337 1199 1455 1267 evenis
1469 1219 1535 1264 non
1551 1197 1669 1288 legitur
1685 1202 1696 1287 )
1714 1218 1808 1270 tenue
1823 1201 1868 1271 est
1888 1221 1952 1295 prae

526 1290 760 1371 multitudine.
795 1297 1003 1393 Hippocrates
1025 1293 1161 1362 infirmat
1188 1296 1223 1362 δι
1255 1294 1361 1363 innuit
1385 1295 1625 1367 convulsionem
1651 1298 1853 1395 Epileptieam
1883 1301 1954 1367 fico·

526 1393 762 1495 usfluxuillius
779 1397 853 1485 tetri
872 1387 928 1462 seri
944 1395 978 1461 in
994 1386 1154 1462 ambitum
1172 1383 1311 1470 cerebri,
1335 1415 1389 1463 nec
1405 1396 1527 1488 requiri
1547 1397 1802 1466 ventriculorum
1820 1396 1963 1494 impedi,

530 1513 698 1568 melitum·

584 1597 630 1666 At
646 1614 755 1663 omnes
771 1587 911 1663 fatertur
927 1615 992 1662 non
1009 1593 1085 1660 oriri
1111 1589 1312 1662 affruionen
1338 1614 1409 1662 eam
1435 1596 1513 1663 citra
1538 1617 1655 1665 noxam
1682 1593 1960 1667 ventriculorum.

366 1702 507 1789 iaetu.
533 1680 576 1787 Et
593 1694 804 1860 Hippocrates
825 1711 939 1772 votat,
963 1693 1133 1762 humorem
1149 1713 1256 1787 repere
1275 1697 1311 1758 in
1327 1714 1381 1760 cor
1403 1714 1441 1760 us
1461 1688 1606 1762 cerebri.
1640 1697 1681 1764 Et
1703 1694 1791 1791 apud
1810 1694 1882 1761 Gal.
1898 1693 1962 1759 du-

368 1793 511 1874 51027.
535 1793 605 1906 plex
681 1796 775 1860 inane
792 1792 826 1858 in
842 1783 987 1872 cerebro,
1011 1813 1114 1860 unum
1130 1792 1248 1869 intus,
1273 1791 1359 1859 aliud
1377 1716 1452 1859 ibris
1474 1812 1486 1865 ‚⁰
1512 1793 1593 1861 illud
1618 1798 1652 1864 in
1676 1793 1875 1868 ventriculis,
1899 1791 1962 1858 hoc

534 1915 571 1961 rn
580 1883 726 1961 ambitu.
742 1892 840 1985 ¹Forte
858 1913 895 1961 ea
910 1894 1023 1986 opinio
1036 1913 1103 1959 non
1121 1907 1204 1961 curet
1220 1893 1360 1985 patronis
1377 1912 1454 1984 quae
1472 1896 1628 1960 tueturin
1649 1911 1752 1962 vetere
1769 1885 1887 1960 cerebri
1913 1894 1964 1959 vi-

535 1993 585 2063 tio
610 1990 726 2072 (utin
744 1988 869 2082 reliquo
887 2011 1018 2086 corpore
1032 1988 1199 2057 hominum
1227 1988 1528 2059 valetudinariorum
1554 2011 1695 2082 quorum
1732 2009 1855 2059 ventres
1877 1987 1967 2084 pleni

387 2109 454 2178 m,
476 2112 510 2170 de
536 2081 947 2179 suntseroletletabum,
966 2080 1094 2164 serum,
1117 2108 1276 2180 aquam,
1310 2084 1413 2174 ilpen
1447 2107 1485 2156 ut
1511 2089 1774 2183 vocutHippocr.
1794 2087 1905 2158 fivein
1924 2107 1968 2152 eo

365 2198 448 2269 [acro
470 2226 473 2237 ·
504 2232 512 2275 ·.
541 2191 717 2282 gignatur,
741 2178 795 2259 seu
812 2179 1001 2281 liquestenoe
1017 2179 1145 2277 cerebro
1162 2186 1199 2252 srt
1216 2186 1498 2280 colliquamentum
1515 2186 1677 2281 quoddam
1694 2186 1782 2278 quod
1799 2185 1958 2258 vellicans¹

366 2273 478 2372 W?
538 2308 652 2362 nervos
670 2282 905 2356 convulsionem
923 2288 1011 2355 alitrt
1034 2292 1058 2352 ,ἶ-
1078 2284 1152 2354 Cur
1176 2307 1241 2352 non
1268 2286 1352 2354 idem
1375 2289 1408 2355 in
1437 2279 1565 2356 cerebro
1582 2287 1744 2375 contingat
1766 2283 1856 2376 quod
1878 2286 1914 2350 &
1932 2285 1965 2348 in

416 2440 422 2447 .
484 2462 487 2467 ,
537 2405 642 2465 cetero
661 2407 790 2481 corpore
806 2385 1028 2480 infitquidam
1044 2379 1141 2453 sudor
1156 2402 1267 2462 teter,
1326 2389 1406 2453 utris
1435 2380 1583 2454 resudans
1604 2406 1622 2452 e
1647 2376 1774 2450 cerebro
1793 2400 1835 2449 ut
1853 2380 1967 2474 reliqui

535 2478 666 2573 Mores
683 2486 776 2578 quia
793 2484 959 2581 Theophr.
976 2485 1173 2554 definiuntur
1197 2504 1252 2576 per
1274 2481 1416 2558 συπιξιι.
1450 2483 1558 2550 Sudor
1574 2485 1658 2551 enim
1676 2477 1721 2548 est
1753 2472 1885 2556 σῦιτιξίς
1907 2503 1966 2550 τις.

535 2584 582 2655 Et-
599 2587 635 2649 in
649 2604 689 2649 eo
708 2574 791 2647 libro
809 2587 855 2647 ait
882 2603 902 2647 a
930 2584 1046 2674 pinsita
1060 2570 1238 2658 cerebrum
1264 2577 1378 2644 exedi.
1411 2578 1443 2641 Si
1462 2581 1579 2668 pituita
1608 2581 1702 2648 vitiat
1723 2579 1878 2654 dentem,
1912 2587 1969 2643 cut

529 2670 565 2764 ·,',
588 2701 651 2747 non
671 2666 707 2745 tt
725 2668 887 2745 cerebrum
899 2678 1020 2757 illinc
1042 2672 1121 2739 Plin.
1143 2673 1260 2738 Dentes
1283 2672 1356 2760 igne
1384 2669 1529 2739 indomiti
1552 2667 1625 2741 tabe
1651 2679 1776 2771 pituitae
1802 2694 1969 2747 cavantur.

529 2777 708 2864 Quoniam
728 2770 910 2867 disputandi
928 2769 1016 2838 ailus
1030 2789 1089 2837 nos
1106 2761 1247 2864 abripit,
1272 2766 1413 2839 dieamus
1422 2768 1461 2837 de
1480 2767 1734 2842 sternutamento
1744 2775 1834 2868 quod
1844 2772 1971 2869 estEpi·

540 2870 645 2972 lepsrae
664 2864 777 2940 affine.
805 2868 883 2964 inde
894 2867 1057 2938 eliciturus
1074 2867 1105 2935 id
1120 2865 1212 2961 quod
1226 2856 1378 2934 morbum
1392 2860 1512 2936 sacrum
1525 2873 1855 2969 committittilequid
1873 2873 1973 2943 flatu-

536 2965 695 3049 lentum,
719 2991 809 3049 acre,
828 2968 1029 3060 malignum.
1046 2965 1187 3036 Galenus
1196 2960 1319 3035 causam
1331 2965 1559 3038 &efficientem
1570 2975 1804 3042 &materialem
1816 2969 1974 3041 sternuta-

538 3118 568 3154 u
593 3072 692 3142 menti
700 3059 1314 3163 inquirens,ait:Spirituscausaellvel
1326 3056 1369 3131 ab
1378 3066 1495 3134 infimis
1502 3063 1721 3163 partibus,vel
1732 3063 1973 3166 abipsoeapitt.

530 3170 619 3246 'Non
637 3170 746 3264 quivis
763 3166 883 3238 humor
900 3158 991 3235 mula
1011 3162 1055 3234 est
1073 3160 1335 3240 sternutamenti,
1360 3157 1409 3232 sed
1423 3167 1445 3232 ii
1460 3160 1515 3233 soli
1533 3164 1706 3238 sternutant
1739 3162 1976 3265 uibusaeapitc

538 3267 717 3341 humiditas
739 3285 797 3336 aut
813 3263 858 3335 est
875 3265 1029 3345 mordax,
1054 3282 1111 3332 aut
1124 3262 1285 3333 inflatum
1298 3256 1402 3333 versat.
1429 3265 1463 3333 Si
1486 3267 1566 3359 quid
1573 3289 1642 3336 aere
1658 3192 1979 3361 narlbusimponitur

541 3359 645 3437 bomo
660 3359 811 3436 sternuit.
838 3366 881 3434 Et
903 3363 995 3459 quod
1020 3384 1085 3429 non
1111 3364 1221 3456 quivis
1245 3361 1364 3430 humor
1390 3360 1547 3435 llernuere
1557 3361 1650 3445 facit,
1674 3383 1777 3463 patet,
1801 3358 1978 3460 supernim

544 3455 687 3536 multum
702 3455 870 3536 cerebrum
895 3457 1027 3562 plenum
1052 3457 1115 3540 eit,
1142 3482 1205 3537 non
1232 3480 1338 3530 tamen
1373 3460 1506 3532 sternuit
1529 3464 1649 3534 homo.
1680 3467 1770 3559 Qia
1794 3462 1914 3559 duplex
1933 3462 1980 3534 cll

453 3641 460 3652 ,
518 3557 743 3654 ,Ιιιιιιιίἆίιιε,
770 3585 835 3632 una
859 3559 1011 3660 simplex,
1035 3562 1203 3638 innocens,
1226 3554 1336 3637 latua,
1372 3553 1475 3640 ὅπως,
1506 3563 1604 3633 altera
1631 3584 1688 3658 per
1714 3564 1978 3656 colliquationesn

525 3665 586 3731 'ut
603 3684 746 3757 quuma
770 3654 905 3730 soleant
927 3667 1006 3732 vino
1024 3659 1126 3728 calet.
1155 3649 1299 3728 Subinde
1324 3657 1424 3729 homo
1445 3658 1599 3729 llcmutat
1623 3664 1702 3753 quia
1720 3668 1746 3729 is
1772 3662 1977 3733 humorum-³
2012 3711 2017 3721 -

407 3755 446 3818 ἰι
465 3751 523 3824 ri·
546 3758 586 3830 lei
607 3758 688 3856 quid
704 3749 819 3832 habet.
842 3755 936 3828 Plato
952 3761 996 3828 ait
1013 3757 1163 3853 phlegma
1182 3780 1248 3825 non
1269 3755 1326 3826 etse
1344 3754 1511 3827 molestum
1527 3759 1582 3828 nisi
1595 3762 1629 3828 in
1642 3753 1846 3838 τιμφὸλιγις
1853 3754 1979 3833 versum

377 3851 459 3903 Μ·
523 3851 665 3948 ,sutrim
687 3852 788 3937 idest,
810 3858 844 3925 in
860 3848 963 3926 bullas
982 3861 1017 3927 dc
1036 3855 1240 3925 flatulentum
1257 3855 1359 3949 quid.
1386 3860 1427 3926 Et
1442 3858 1473 3925 id
1492 3878 1592 3952 genus
1614 3859 1711 3928 flatus
1733 3854 1882 3929 sollicitat
1897 3850 1993 3928 cero·¹

385 3970 456 4034 ιώ
470 3966 527 4042 ale
554 3952 679 4034 brum.
714 3960 757 4029 Et
774 3956 859 4028 idem
877 3957 951 4027 Gal.
970 3953 1136 4050 distinguit
1155 3954 1292 4025 crudum
1308 3948 1436 4025 succum
1453 3980 1473 4025 a
1497 3963 1635 4055 pituita.
1661 3957 1718 4026 llle
1732 3954 1894 4027 crailitl'em
1918 3959 1984 4026 ha-

380 4066 526 4121 ’Μαι
554 4051 630 4137 bet,
647 4055 714 4130 hec
733 4056 959 4127 humiditatem
980 4060 1180 4152 ponuseum
1197 4073 1313 4124 natura
1330 4054 1509 4128 flatulenta.
1739 4094 1742 4098 ·

606 4154 726 4222 Unum
742 4147 835 4221 restat
853 4154 944 4247 quod
961 4155 1129 4243 negotium
1144 4152 1218 4218 dat:
1236 4148 1523 4223 sternutamenmm
1538 4178 1558 4226 a
1572 4163 1676 4255 capite
1690 4158 1770 4228 levat
1795 4158 1831 4224 dt
1862 4158 1983 4246 pr'vatt

554 4275 597 4324 an
613 4250 734 4320 humor
752 4252 875 4326 tenuis,
896 4254 931 4319 δι
957 4270 998 4317 an
1024 4248 1160 4325 cralius,
1183 4268 1225 4315 an
1248 4246 1382 4327 coecus,
1405 4273 1447 4319 nn
1470 4255 1627 4325 incoctus.
1655 4255 1794 4327 Galenus
1812 4255 1885 4325 tuit
1908 4252 1986 4323 sier,

556 4365 786 4422 :tutamentum
799 4342 856 4416 elle
879 4339 956 4414 boni
972 4346 1088 4427 ominis
1105 4349 1140 4416 δι
1157 4337 1291 4417 salutare
1308 4345 1404 4431 (nam
1421 4350 1511 4421 aliud
1527 4352 1571 4423 est
1594 4356 1718 4426 malum
1736 4371 1776 4424 ut
1795 4352 1922 4448 lignum
1949 4356 1986 4428 dc

426 4529 429 4535 ¹
552 4466 594 4519 ut
615 4439 725 4533 ausa)
749 4444 887 4517 humore
902 4462 1072 4516 attenuato
1092 4449 1127 4516 δι
1145 4440 1317 4525 nuncto,
1353 4469 1374 4517 a
1404 4449 1507 4522 calore
1536 4473 1646 4524 autern
1684 4449 1854 4524 rarelatilo.
1892 4450 1985 4528 Nan

556 4541 774 4617 meramors
790 4569 810 4619 a
826 4544 929 4618 calore
942 4545 1053 4620 nativo
1068 4538 1187 4628 ubere,
1208 4568 1276 4640 quo
1299 4539 1459 4623 imbecillo
1475 4560 1678 4647 congerimr,
1704 4556 1741 4624 &
1766 4575 1833 4625 nen
1856 4545 1987 4626 dicuu-

554 4647 613 4716 t'ur
627 4648 774 4718 materia.
802 4645 901 4719 Unde
920 4646 1023 4741 vulgo
1039 4646 1284 4719 eXenodoehiir
1300 4640 1414 4737 jubent
1429 4654 1742 4747 aegros-exirequum
1759 4639 1986 4751 primuml&-

553 4761 693 4824 nutunt,
716 4746 806 4840 quud
826 4740 914 4818 bono
930 4745 962 4816 id
987 4748 1046 4817 liat
1070 4748 1195 4824 onrine,
1217 4747 1253 4817 δι
1277 4748 1368 4841 quod
1385 4754 1441 4826 iu·
1458 4751 1566 4823 limine
1597 4750 1658 4819 tint
1689 4746 1833 4823 sanitatis
1848 4745 1985 4848 ,²quali

550 4844 675 4920 victore
698 4845 803 4917 calore
819 4839 960 4916 traturnli
976 4851 1108 4917 materia
1119 4842 1161 4924 ,iit
1178 4842 1317 4926 costa&
1334 4850 1518 4918 mitificata.¹
1543 4851 1659 4922 Mirari
1677 4844 1765 4921 subit
1789 4873 1851 4921 cur
1874 4847 1986 4921 Gales.

550 4936 684 5046 dicatio
707 4934 797 5021 bono
820 4941 1076 5021 nunuuuurto
1101 4944 1275 5022 humorem
1304 4946 1463 5038 ratrfieti,
1484 4947 1611 5044 Contra
1638 4953 1725 5038 enim
1740 4952 1813 5023 lieri
1841 4949 1990 5027 viderunt

1032 5095 1036 5102 -
1110 5079 1112 5084 ·
1838 5047 1934 5122 Nam
