4534 5850
553 499 600 547 20
792 456 1623 549 EPIDEMIORUM

504 638 617 687 norat.
639 619 783 689 Accedit
802 614 944 714 quoibe
963 631 1073 709 partes
1093 627 1230 687 externo
1254 608 1324 675 aeri
1342 617 1544 696 exponantur
1561 595 1618 689 qui
1643 610 1799 688 repurgat
1814 597 1924 666 elicito

498 715 642 805 fuligine
660 733 831 811 turpantes
851 740 916 809 qua
925 712 1060 803 faciunt
1074 706 1131 776 ubo*
1153 712 1209 793 ἕξιν
1236 706 1371 798 corporis
1381 749 1392 780 ,
1411 701 1449 774 ω’·
1470 691 1518 763 ro'r
1536 697 1642 773 ὄγκον,
1662 689 1766 778 idest,
1790 697 1925 763 molem.

506 816 623 881 Tertio
641 809 747 893 labor,
766 836 859 908 quem
876 809 918 882 ha
934 829 1045 907 partes
1057 808 1235 902 suscipiunt
1254 850 1266 883 ,
1298 803 1338 876 eb*
1363 797 1549 869 exercitatio
1574 794 1613 868 eb
1633 787 1744 878 friiiio
1767 812 1925 883 vegetans

502 912 642 980 calorem
659 911 699 984 eb*
720 916 902 992 excitans,
932 909 1021 1004 efficit
1048 925 1085 975 ut
1112 908 1182 992 fiat
1210 901 1355 1001 quodam
1384 897 1549 990 depuratia
1571 907 1609 964 o·
1638 894 1841 1002 repurgatio:
1865 917 1924 959 un-

501 1008 637 1078 delicet
659 1006 795 1100 sanguis
823 1013 943 1100 origine
961 1001 1106 1078 nonnihil
1120 1005 1197 1072 vitii
1227 1003 1267 1076 eb
1285 995 1364 1066 labis
1393 993 1615 1067 contraxerit,
1639 1006 1814 1056 mutatione
1843 993 1926 1069 loci,

504 1103 628 1185 labore,
652 1104 860 1178 ebboratione
884 1105 1075 1200 multipb'cr',
1094 1103 1269 1192 secretione
1280 1095 1373 1183 salba
1384 1091 1607 1181 feculentioris
1629 1084 1841 1199 &Jcrcffrorir
1852 1111 1928 1156 ma·

505 1206 588 1273 teria
600 1209 755 1293 tenuior,
770 1207 901 1302 purior,
917 1204 1131 1295 fineeriurque
1140 1200 1222 1290 fieri
1235 1192 1333 1293 potest
1355 1246 1361 1258 .
1402 1198 1519 1285 Itaque
1538 1208 1574 1255 ut
1593 1180 1718 1252 bobttut
1745 1185 1809 1277 ipse
1825 1208 1927 1278 pecu·

507 1305 622 1373 liarem
644 1308 821 1396 quamdam
843 1323 996 1372 naturam
1024 1295 1116 1369 babet
1132 1347 1144 1377 ,
1163 1296 1299 1391 suusque
1322 1293 1500 1386 peculiares
1528 1288 1567 1359 eb
1585 1284 1779 1352 vernaculas
1800 1288 1890 1353 vires
1913 1309 1924 1350 .·

503 1404 553 1469 ita
577 1404 711 1471 videtur
728 1397 842 1473 babere
866 1425 989 1496 quoque
1008 1398 1080 1488 [uos
1096 1393 1217 1468 morbos
1236 1419 1297 1475 non
1316 1392 1450 1486 repetita
1467 1388 1588 1475 origine
1606 1406 1627 1451 a
1647 1375 1794 1474 partibus
1827 1386 1925 1451 inter·

503 1499 573 1566 nis.
601 1504 718 1570 Partes
734 1502 820 1569 enim
840 1501 1132 1591 extimatorporr'r,
1151 1497 1340 1566 dicuntura
1366 1490 1487 1557 Galeno
1505 1502 1625 1550 natura
1643 1473 1818 1592 imbetr'b'a,
1841 1500 1926 1572 utpo-

506 1617 540 1664 te
563 1598 597 1665 in
622 1621 702 1691 quus
724 1617 836 1692 partes
860 1600 1008 1676 interne,
1032 1613 1068 1662 ut
1089 1594 1251 1689 primarie
1268 1592 1308 1665 ὠ
1328 1589 1510 1682 principer,
1534 1605 1569 1647 tn
1593 1602 1673 1672 quar
1699 1577 1876 1670 (unquam)
1892 1597 1927 1648 ut

506 1693 711 1787 depositarius
730 1696 825 1785 suum
846 1699 941 1764 virus
962 1695 1139 1765 amantem
1165 1691 1203 1771 (b
1229 1686 1394 1778 ablegent.
1422 1684 1518 1784 Quin
1542 1681 1581 1752 cb*
1597 1671 1715 1743 babere
1733 1674 1870 1762 futrum
1891 1700 1928 1742 a·

341 1833 393 1894 Hb
441 1837 476 1895 ἡ
504 1795 639 1862 lbionum
657 1795 728 1863 vim
748 1820 811 1863 non
837 1789 877 1863 ub
896 1793 1031 1889 hepate,
1064 1809 1122 1861 aut
1150 1789 1280 1860 aliunde
1304 1785 1526 1868 mendicarum
1550 1778 1693 1844 Galenus
1719 1776 1825 1888 rufior
1850 1771 1923 1858 est.

341 1877 461 1993 gffff,
507 1893 566 1958 Sic
586 1891 678 1978 suam
697 1894 874 1986 quamdam
898 1914 1052 1962 naturam
1077 1886 1217 1967 babent,
1236 1886 1332 1976 [uum
1358 1877 1589 1966 ministerium,
1608 1872 1684 1962 [uas
1703 1896 1793 1982 viret
1817 1874 1856 1945 d·
1870 1894 1928 1962 ge·

508 1992 621 2068 nium,
640 1989 735 2077 fuam
755 1991 948 2080 sanitatem,
966 1991 1039 2080 suos
1058 1985 1197 2058 morbos.
1223 1987 1324 2056 vnde
1348 1972 1583 2070 Theophrastus
1607 1971 1813 2058 Paracctsus,
1835 1994 1927 2037 mon·

499 2083 608 2170 strum
627 2083 762 2154 bominis
782 2090 821 2160 eb
836 2107 1043 2180 portentum,
1066 2087 1153 2154 ridet
1180 2085 1330 2151 Medicus
1353 2081 1411 2171 qui
1431 2073 1556 2165 semper
1582 2086 1753 2140 recurrunt
1774 2070 1820 2136 ad
1839 2090 1927 2160 par·

507 2204 555 2253 res
580 2187 747 2264 internas,
771 2209 853 2280 quas
872 2187 966 2255 miris
992 2185 1031 2258 eb
1055 2179 1175 2252 crebris
1199 2169 1463 2249 evacuationibus
1482 2172 1521 2244 eb
1538 2169 1739 2264 eceoproticir
1753 2169 1926 2256 exagitant

507 2284 548 2356 (ῥ’
564 2279 784 2364 exhauriunt,
806 2307 907 2378 quum
925 2282 985 2378 ipfi
994 2276 1117 2351 habitui
1133 2279 1178 2371 stt
1199 2277 1467 2373 providendum,
1506 2265 1713 2364 pretermissis
1736 2262 1923 2355 vriceribus.

506 2389 607 2453 Forte
631 2407 694 2452 non
718 2383 829 2472 desunt
853 2380 904 2468 isti
927 2379 1072 2467 Monstro
1083 2378 1145 2470 fua
1166 2379 1364 2474 patrocinia.
1391 2379 1479 2442 Sunt
1502 2371 1588 2439 enim
1601 2363 1727 2436 babitus
1741 2364 1791 2455 [ui
1813 2361 1926 2434 morbi.

511 2485 645 2550 Tamen
668 2500 705 2549 ut
730 2508 791 2551 non
806 2477 850 2550 et}
874 2485 998 2563 omnim
1015 2483 1203 2566 jurandum
1227 2481 1262 2543 in
1288 2470 1559 2547 nerinorum,
1586 2466 1707 2568 [ummi
1730 2467 1806 2532 icet
1830 2466 1898 2531 viri
1913 2490 1927 2552 ,ε

509 2584 568 2645 Ita
583 2575 638 2659 sse
663 2579 875 2664 Puracelsus,
890 2583 1027 2663 juratus
1053 2578 1194 2643 Medico
1219 2575 1320 2639 Artis
1344 2564 1462 2646 umet,
1486 2588 1543 2634 nec
1567 2567 1692 2633 omnino
1716 2563 1894 2634 audiendus
1914 2611 1929 2645 ¹,

513 2696 571 2745 uec
586 2672 825 2763 eprdendus3
849 2675 1035 2753 Videndum
1060 2673 1146 2740 enim
1171 2692 1233 2740 nen
1257 2672 1328 2763 quir
1354 2670 1463 2745 dicat,
1482 2664 1541 2755 fed
1564 2667 1643 2758 quid
1666 2663 1818 2740 dicatur,
1841 2663 1927 2731 und

511 2791 660 2837 normam
685 2771 817 2840 rationis
840 2763 950 2839 omnia
975 2771 1179 2858 diriguntur.
1211 2822 1217 2843 .,
1469 2762 1472 2769 ’

512 3104 1932 3349 consrrrnrro

866 3401 1575 3538 TERTIA
1903 3415 1927 3494 .‘

498 3658 615 3826 iA
625 3662 733 3733 NNO
750 3662 885 3727 Domini
914 3680 980 3743 ¹57
989 3682 1018 3741 3.
1044 3663 1151 3747 quum
1167 3675 1235 3724 tora
1259 3652 1367 3722 AEstas
1384 3648 1705 3746 inaequalis'firiifen
1731 3653 1753 3721 sr
1778 3678 1934 3749 umquam

642 3758 722 3823 alias
746 3746 936 3820 morborum
960 3755 1171 3844 inaequalium
1188 3758 1222 3821 &
1238 3756 1375 3820 maxime
1401 3746 1540 3821 febrium
1573 3769 1803 3844 quartanarum
1834 3760 1937 3823 maxi-

510 3875 567 3923 ma
591 3848 655 3920 fuit
677 3845 780 3942 seges,
802 3849 895 3942 quod
922 3854 1043 3918 mirum
1068 3897 1079 3928 ,
1105 3849 1210 3921 mrim
1235 3856 1271 3920 δι
1295 3856 1402 3946 primo
1426 3849 1558 3920 insultu·
1573 3844 1672 3921 febres
1696 3872 1782 3922 erant
1806 3872 1938 3945 quartem

511 3976 579 4021 nae.
605 3943 830 4026 Observarunr,
843 3954 994 4046 primates
1019 3950 1142 4019 Medici
1167 3951 1313 4022 vieesuno
1344 3969 1418 4019 anre
1441 3974 1528 4020 anno
1556 3949 1654 4020 talem
1677 3951 1935 4022 constitutionem

512 4057 666 4148 temporis
682 4049 838 4142 viguisse,
861 4055 897 4116 in
921 4072 987 4142 qua
1001 4054 1162 4121 innumeri
1177 4074 1263 4147 paene
1281 4072 1301 4118 a
1325 4058 1490 4143 quartanis
1507 4055 1688 4148 perierunt3
1712 4044 1835 4144 quibus
1849 4075 1937 4122 rnor-

513 4156 580 4217 tuis
600 4150 664 4215 lien
679 4150 772 4243 plane
796 4144 946 4215 flaccidas
970 4140 1138 4227 tabuerat,
1162 4173 1284 4222 necnon
1299 4146 1450 4217 exhausta
1476 4170 1542 4218 erat
1557 4143 1632 4218 bilis
1656 4155 1691 4217 in
1715 4148 1820 4239 cybi,
1845 4154 1879 4219 δι
1894 4150 1936 4220 il

511 4248 576 4317 lius
591 4247 663 4313 loco
684 4264 883 4313 concreverat
901 4245 1008 4341 lapis.
1043 4251 1115 4340 Qri
1140 4248 1279 4343 duplices
1301 4266 1473 4339 quartanas
1498 4241 1682 4319 habuerunt
1703 4266 1763 4317 aut
1779 4241 1899 4318 febrem
1922 4295 1935 4325 ,

513 4343 756 4440 eomplioecom,
781 4359 839 4410 aur
862 4349 921 4437 qui
946 4350 980 4414 vi
1006 4349 1040 4415 ἃ
1054 4368 1119 4415 aree
1134 4339 1254 4414 febrem
1280 4344 1428 4440 depellere
1443 4347 1643 4423 voluerunt,
1674 4368 1782 4415 omncs
1807 4343 1869 4417 fere
1884 4355 1936 4416 in-

512 4438 694 4535 terierunt,
728 4444 863 4511 Ineunte
880 4441 1038 4525 januario
1051 4448 1222 4542 Qartana
1247 4438 1377 4541 speciem
1400 4452 1542 4515 mutauit
1557 4482 1584 4525 ,·
1602 4452 1635 4517 &
1649 4450 1685 4511 in
1708 4446 1780 4511 aliis
1795 4446 1936 4541 duplices

516 4550 690 4619 tertianae,-
711 4549 746 4612 in
760 4542 832 4631 aliis
840 4547 1013 4613 ,continuas
1030 4550 1121 4614 mites
1144 4548 1261 4637 effecit3
1287 4544 1411 4614 Deinde
1427 4551 1591 4644 pruritus,
1624 4538 1756 4637 pustulor
1774 4544 1936 4623 ardentes,

503 4634 648 4709 :nuberes
659 4640 832 4710 &dolores
853 4641 1062 4714 articulorum
1087 4646 1269 4722 innumeri,
1293 4638 1462 4739 presertim
1479 4649 1541 4738 qui
1555 4631 1715 4709 macilenti
1729 4646 1764 4707 δι
1778 4633 1863 4709 febre
1881 4646 1936 4713 sre-

514 4745 582 4809 eati·
595 4736 713 4808 forent.
739 4740 875 4808 Sudores
898 4764 1116 4838 proruperunt
1130 4740 1284 4817 omnibus
1300 4735 1463 4819 febribus,
1485 4764 1528 4810 an
1551 4740 1643 4831 quod
1659 4738 1777 4808 finitas
1792 4740 1934 4840 hepatis,

517 4831 700 4921 &habitus
711 4844 854 4935 corporis
869 4834 961 4907 causa
974 4838 1088 4910 fuerite

1720 5036 1885 5113 ΟΟΝ-Ι
