4534 5850
554 464 1572 557 eruanturainuu,irn1.
1676 483 1720 547 m

1816 593 1942 676 Histris

383 618 578 713 Numquid
595 619 771 710 invulgata
789 616 1036 714 hydropicorum
1049 622 1212 687 curatione
1228 619 1403 715 plurimum
1425 611 1547 709 ubique
1567 608 1734 683 aberratur
1757 628 1769 681 a

348 715 442 791 Nam
461 741 566 812 quum
579 716 687 815 palhm
699 716 798 813 hepar
821 717 1069 814 hydropicorum
1092 720 1240 788 vitiatum
1256 718 1309 795 sit,
1332 711 1518 792 exsuccum,
1543 719 1576 782 δι
1593 737 1771 811 perquem·
1798 676 1939 818 ᾚΖῘ·

349 815 431 887 dam
448 813 634 885 marasmum
650 815 825 896 ‘nrprqpnyn‘a
840 812 1055 892 artcfactum,
1079 834 1183 886 tamen
1205 810 1281 913 saepe
1299 821 1333 885 &
1353 812 1516 885 confertim
1532 814 1650 880 dantur
1662 808 1771 881 scam-
1798 773 1941 915 ,psgmss

352 919 509 993 mouiata,
533 919 765 994 antimonium,
791 911 898 984 succus
914 908 1103 994 ebulorum,
1129 909 1286 993 sambuci,
1311 915 1496 1006 thymeleae,
1521 911 1715 988 chamaeleae,
1732 915 1772 979 ti·
1800 927 1940 994 moriaris,

350 1014 586 1104 thymalorum:
611 1017 772 1110 numquid
787 1016 965 1107 adaugetur
978 1016 1098 1110 hepatis
1113 1017 1328 1112 intemperies?
1353 1013 1513 1106 numquid
1537 1011 1659 1080 malum
1685 1011 1772 1077 malo
1800 1011 1919 1065 anisma-

350 1112 556 1183 cumulatur?
581 1119 770 1208 &augetur
795 1138 850 1212 per
889 1134 945 1183 tua
966 1117 1151 1206 generatio?
1178 1114 1275 1183 Unde
1299 1113 1392 1181 nullo
1409 1107 1552 1209 professu
1577 1114 1683 1178 omnia
1707 1109 1773 1177 hae
1800 1097 1845 1147 '¹¹²
1883 1096 1943 1148 θ’·

351 1215 522 1310 propinata
537 1212 692 1283 vidimus.
720 1217 858 1282 lmmoa
898 1214 946 1280 his
971 1213 1090 1281 multos
1103 1213 1248 1282 interiissc
1273 1209 1441 1289 testamur,
1465 1210 1552 1304 quod
1572 1204 1673 1277 serum
1695 1207 1775 1276 utile
1801 1186 1945 1315 2:225?

351 1309 526 1387 traxissent,
551 1316 586 1380 &
611 1319 762 1401 majorem
777 1314 876 1390 litim,
900 1311 1056 1389 calorem,
1078 1305 1220 1390 febrem,
1244 1306 1421 1405 squalorem
1436 1313 1559 1406 corpori
1575 1305 1776 1384 attuliffent,
1934 1290 1944 1311 ⁶

351 1410 396 1476 nil
409 1409 449 1478 de
463 1413 597 1480 materia
606 1406 767 1481 morbificis
781 1410 991 1508 dempsissent.
1020 1413 1074 1478 An
1089 1436 1156 1479 non
1171 1412 1233 1480 alia
1246 1409 1389 1479 medendi
1404 1412 1502 1485 ratio,
1526 1413 1561 1476 δι
1576 1429 1657 1475 num
1670 1408 1777 1502 potius
1944 1443 2013 1547 k

352 1496 570 1594 repausare-u
583 1508 746 1588 conserat,
771 1535 873 1606 quam
885 1509 978 1579 nullo
1002 1505 1160 1607 profesio,
1190 1516 1313 1581 &cum
1332 1509 1455 1580 afflone
1478 1501 1575 1577 cause
1595 1505 1652 1574 ista
1680 1504 1780 1575 medi·
1835 1513 1864 1562 α
1879 1505 1938 1552 ‘¹‘
2015 1483 2027 1538 l

351 1628 500 1678 tamenta
518 1604 800 1706 prascribanrura·
1321 1597 1408 1621 '⁶
1529 1649 1531 1653 >
1629 1670 1632 1675 ,

400 1708 803 1800 Qumalvusadmodum
816 1707 982 1787 adstricta,
1007 1710 1184 1780 cavendum
1207 1703 1406 1779 abenematis
1422 1699 1662 1777 valdeacribus.
1688 1703 1779 1770 Nam
1807 1751 1847 1810 C!
1860 1750 1934 1827 sm,

350 1805 435 1873 dum
450 1828 564 1874 eorum
578 1811 625 1876 vis
651 1807 825 1874 intruditur
841 1812 874 1874 δι
901 1801 1086 1874 transcendit
1104 1808 1227 1876 redium
1246 1807 1452 1881 intestinum,
1485 1805 1564 1870 dum
1597 1803 1657 1871 alia
1678 1803 1779 1867 irritat
1806 1773 1948 1892 wrm,

352 1903 544 1996 vellicatque
558 1901 701 1972 intestina
717 1903 837 1980 valide,
862 1908 896 1972 δι
922 1928 987 2001 prae
1010 1898 1180 1973 obturante
1204 1901 1276 1974 face
1290 1909 1324 1972 in
1339 1903 1437 1974 resto
1451 1898 1595 1970 intestino
1616 1916 1778 1993 nequeunt
1803 1917 1855 1975 bns
1892 1933 1945 1972 noa

353 1993 414 2068 sese
428 2022 610 2078 exonerare,
635 1995 712 2098 sape
728 2003 903 2093 adiguntur
915 2003 955 2070 ad
972 2006 1168 2072 contrarium
1185 2024 1309 2073 motum
1325 2007 1358 2072 δι
1377 2019 1506 2072 mutant
1526 1993 1621 2069 suum
1645 2016 1772 2068 motum
1802 2001 1939 2058 urendum

352 2094 583 2178 πεαςαλτικὲν,
608 2097 876 2194 undefrequentes
883 2122 1101 2196 provocantur
1116 2102 1182 2169 ilci.
1468 2136 1473 2144 .
1802 2090 1946 2178 ΜΨ

400 2200 522 2295 Capitis
536 2199 661 2268 dolores
683 2224 751 2267 non
767 2201 811 2266 ita
832 2192 967 2291 surgunt
988 2196 1032 2268 ob
1058 2201 1228 2272 humorem
1253 2201 1517 2273 melancholicum
1540 2216 1598 2268 aut
1623 2194 1775 2286 frigidum
1800 2164 1953 2306 :imm

352 2314 510 2391 quatenus
525 2292 676 2384 eiusnodi
691 2315 848 2364 remanet.
874 2300 959 2391 Qae
973 2300 1057 2364 enim
1071 2299 1199 2367 humori
1220 2301 1444 2369 melancholico
1470 2295 1546 2364 inest
1570 2297 1709 2370 siccitas,
1741 2315 1778 2360 ea
1936 2285 1945 2303 ‘

351 2418 471 2492 parurn
488 2396 526 2463 ad
552 2395 676 2462 dolores
699 2393 901 2464 excitandum
917 2395 1028 2462 idonea
1052 2393 1113 2462 est.
1140 2399 1303 2488 frigiditas
1326 2400 1450 2469 vero&
1474 2393 1672 2470 humiditas,
1703 2413 1777 2483 quae

349 2513 518 2588 tamquam
543 2494 711 2588 qualitates
734 2494 871 2590 propria
902 2495 1027 2589 pituita
1049 2496 1229 2586 quadrant,
1253 2514 1525 2593 parumquoque
1558 2491 1598 2560 ad
1628 2489 1779 2557 dolorum

346 2596 586 2685 generationem
611 2592 740 2665 valent.
766 2593 856 2662 Nam
872 2594 1021 2689 opinione
1038 2593 1151 2661 Galeni
1164 2590 1264 2686 frigus
1295 2615 1346 2661 tor
1390 2615 1456 2661 rem
1480 2594 1586 2689 potius
1612 2593 1646 2658 δι
1670 2584 1781 2685 stupo-
1805 2616 1883 2668 cm,
1915 2608 1946 2662 in

351 2712 420 2760 rem
443 2693 597 2761 inducit.
632 2695 743 2786 Itaque
770 2715 875 2785 quum
901 2695 933 2759 in
958 2685 1154 2764 fluxionibus
1179 2710 1245 2761 tam
1277 2696 1379 2762 aceri
1415 2693 1539 2760 dolores
1559 2692 1738 2759 excitantur
1769 2687 1938 2768 ,particul-

352 2790 405 2863 vel
429 2791 502 2858 tales
525 2792 673 2860 humores
695 2784 770 2859 sunt
793 2793 909 2887 pituita
941 2784 1015 2860 salsa
1035 2812 1094 2860 aut
1119 2793 1209 2862 acida
1234 2794 1245 2875 (
1274 2816 1349 2862 nam
1381 2782 1642 2860 defluxionibus
1667 2782 1782 2855 biliofis
1804 2773 1855 2844 38.
1868 2771 1945 2870 ¹s'ff·

353 2881 457 2955 l'ermo
478 2912 543 2956 non
574 2886 644 2976 est)
670 2889 719 2959 vel
743 2886 907 2958 flatulenta
937 2893 1066 2959 materia
1090 2889 1133 2960 est
1158 2943 1167 2960 .
1202 2895 1250 2963 Ac
1284 2885 1431 2961 credibile
1462 2889 1603 2958 nullum·
1617 2908 1698 2985 pene
1723 2885 1786 2956 do,
1806 2873 1836 2999 ἒ·
1849 2855 1899 2998 ’ἑὸ
1917 2862 1948 2913 ⁶·

345 2986 454 3055 dorem
468 2989 625 3065 excitari,
650 2990 731 3081 quin
756 2987 875 3080 aliquid
900 2988 938 3055 sit
961 2989 1001 3056 dc
1025 3009 1140 3059 natura
1167 2992 1334 3060 flatulenta
1358 2996 1390 3058 &
1416 2984 1585 3067 ichorosa,
1620 2986 1708 3080 quod
1734 2988 1782 3056 vi-
1829 2953 1886 3016 μ’

351 3079 489 3154 debatur
505 3087 637 3154 Medicis
655 3082 894 3165 πνίυμᾱῒικοῖς,
918 3108 1062 3179 quorum
1075 3090 1195 3183 dogma
1216 3094 1371 3187 Hippoer.
1395 3081 1516 3156 secutus
1541 3087 1671 3156 videtur
1696 3077 1780 3152 libro

351 3183 393 3251 de
409 3178 567 3276 flatibus.
594 3183 669 3255 Istas
687 3188 899 3264 venrofitatcs,
922 3184 1052 3259 α’νεμιάς
1078 3213 1189 3259 vocare
1213 3189 1321 3286 poffis,
1346 3193 1380 3254 δι
1406 3188 1501 3256 flatus
1518 3176 1745 3252 subventaneos
1769 3234 1780 3264 ‚

352 3277 583 3375 vagabundos,
599 3283 700 3364 leves,
712 3290 919 3364 irritos,nam
936 3286 1052 3363 α’νίμιος
1068 3289 1332 3380 idcmaliquando
1347 3284 1591 3377 significatquod
1606 3282 1776 3364 daonium,

349 3378 450 3456 idest,
475 3375 720 3451 subventaneus:
746 3387 785 3450 ln
800 3378 918 3450 talibus
942 3406 1051 3452 aurern
1074 3381 1291 3478 phlebotomia
1309 3381 1423 3450 solvit.
1450 3382 1590 3451 Porrosr
1616 3383 1784 3451 uatulcnra

343 3494 474 3547 ¹natura
487 3476 530 3542 est
545 3499 582 3543 cx
596 3480 737 3567 quadam
755 3483 879 3570 pituitae
893 3475 1101 3552 resolutione,
1116 3480 1276 3567 numquid
1292 3480 1464 3573 pilularum
1479 3497 1570 3543 tutus
1584 3474 1678 3554 usus,
1702 3500 1783 3569 qua-

351 3597 432 3643 rum
447 3574 551 3640 tenuis
567 3577 602 3641 &
616 3594 686 3640 acer
708 3573 794 3640 calor
808 3572 894 3640 sacile
906 3577 1056 3669 pituitam
1070 3576 1101 3640 in
1119 3576 1233 3641 flatum
1258 3569 1398 3652 resolvit,
1424 3577 1458 3641 δε
1474 3575 1518 3639 ita
1534 3568 1657 3641 causam
1667 3592 1782 3667 auget?
1808 3566 1948 3630 ‘lumb’-
1972 3621 1975 3634 .

404 3668 612 3761 lrrhyllericis
625 3664 847 3741 affeuronbus
862 3676 897 3741 &
913 3675 1102 3770 apoplexiis,
1126 3666 1296 3765 inquibus
1319 3691 1378 3742 aut
1400 3664 1545 3741 aboletur
1568 3676 1701 3741 omnino
1722 3669 1783 3743 res-
1806 3654 1871 3711 ⁸⁸²¹
1896 3653 1949 3709 ’ὦ

352 3772 486 3868 piratio,
510 3790 567 3838 aut
583 3769 840 3863 exiguamanet(
865 3772 953 3865 quod
971 3774 1013 3840 ad
1035 3765 1164 3841 sorsum.
1181 3768 1326 3869 spesdat)
1349 3795 1389 3841 an
1415 3765 1779 3845 usuocucurbirulnum
1805 3752 1951 3877 ''uf-”⁸2⁴3

353 3888 447 3939 tutus
462 3870 495 3937 in
518 3864 666 3938 musculis
689 3863 886 3938 abdominis?
911 3872 1152 3965 Nequaquam.
1179 3874 1266 3942 Nam
1281 3872 1362 3940 dum
1383 3870 1427 3939 illi
1453 3873 1662 3941 intenduntur
1693 3868 1781 3942 mus
1800 3823 1926 3963 {2222

350 3967 434 4044 culi,
458 3986 594 4061 augetur
607 3968 777 4037 difficultas
793 3962 1004 4066 respirationis
1029 4020 1037 4036 .
1065 3974 1106 4039 Et
1122 3975 1167 4040 ita
1182 3990 1359 4065 exaugerur
1370 3979 1373 3984 '
1384 3970 1523 4038 malum.
1805 3988 1928 4063 „spin-

406 4067 444 4134 ln
457 4065 633 4160 lethargicis
647 4061 863 4135 anemonibus
882 4073 916 4136 δι
940 4072 1118 4138 comatis&
1134 4093 1197 4167 apo
1218 4070 1303 4138 lexiis
1326 4069 1461 4137 theriaca
1485 4069 1588 4160 vulgo
1613 4064 1783 4163 praescribi-
1806 4074 1907 4130 tionem

351 4182 427 4234 tur.
455 4164 509 4232 An
523 4167 554 4233 id
583 4186 657 4236 tuto
680 4168 733 4236 fit?
759 4168 996 4261 Nequaquam,
1020 4168 1117 4261 idque
1131 4094 1321 4237 duabusdc
1343 4167 1469 4238 caufis.
1498 4170 1588 4240 Nam
1611 4172 1645 4237 δι
1669 4163 1781 4255 obruit
1807 4152 1919 4226 impedi·

355 4266 404 4335 vis
427 4266 491 4360 opii
506 4287 580 4356 qua·
597 4269 650 4337 vix
665 4284 806 4364 tempore
819 4268 1027 4336 retunditur:
1053 4273 1087 4337 δε
1104 4272 1200 4338 etiam
1218 4264 1345 4346 retusa,
1369 4270 1392 4335 si
1410 4269 1518 4362 aliqua
1532 4263 1688 4366 supersit,
1713 4277 1782 4353 'ma-
1806 4255 1911 4377 {nb'ssa
1928 4333 1946 4366 a

353 4365 437 4443 xime
452 4385 495 4461 ap
518 4367 635 4432 aretin
659 4364 721 4433 istis
738 4359 970 4435 affedlionibus:
996 4368 1135 4438 Preterea
1149 4370 1319 4439 theriacam
1344 4367 1448 4437 multa
1472 4370 1782 4459 ingredianturque
1806 4336 1948 4458 „HTMJ

344 4463 423 4532 ¹vim
440 4462 480 4543 ad
529 4465 534 4475 '
558 4463 652 4555 gendi
668 4456 803 4542 habent,
828 4466 900 4533 idco
912 4459 1041 4535 duabus
1061 4467 1123 4535 istis
1136 4470 1177 4535 de
1199 4469 1297 4537 causo
1313 4472 1442 4563 impune
1467 4466 1540 4532 dari.
1561 4489 1627 4535 non
1644 4463 1745 4560 potest
1761 4495 1781 4556 a
1808 4478 1921 4546 exhibe·

344 4591 368 4632 :.
405 4563 613 4657 Hippocrates
625 4565 669 4631 ita
695 4555 800 4631 scribit
816 4563 861 4631 in‘
874 4558 1083 4660 aphorismis.
1111 4568 1181 4652 Qui
1201 4561 1384 4657 sarrguinem
1399 4581 1578 4640 evomunt,
1602 4562 1708 4630 filine
1739 4557 1785 4632 se-
1807 4581 1854 4625 rar
1880 4562 1921 4654 If·

343 4647 697 4742 2“'bre,·fi1unre‚.sr
716 4687 792 4730 cum
812 4656 913 4741 febre,
937 4663 1300 4732 malum.··Curandum
1326 4655 1627 4758 refrigerantibus&
1652 4656 1785 4728 adstrin-
1808 4645 1919 4743 ‘'M''

343 4762 379 4819 .“
404 4752 549 4846 gentibus
575 4809 583 4826 .
609 4763 683 4833 Hoc
698 4756 837 4831 consulit
853 4755 958 4831 sumta
971 4762 1161 4832 indicarimus
1183 4754 1227 4830 ab
1251 4756 1323 4858 'ipsa
1336 4767 1536 4831 exc1etione.
1562 4760 1617 4827 An
1641 4775 1715 4824 tuto
1730 4755 1786 4827 isla
1809 4746 1888 4869 Ἥ
1919 4814 1940 4873 7

352 4850 580 4945 adstringentia
595 4853 848 4954 prescribuntnr?
874 4861 1113 4955 Nequaquam,
1138 4861 1195 4930 nili
1218 4883 1422 4953 magnacum
1437 4863 1602 4930 cautione.
1628 4855 1718 4923 Nam
1731 4854 1788 4956 nist
1813 4830 1952 4967 Αρὶζῃ

355 4947 418 5024 usu
435 4974 544 5024 rerum
558 4956 750 5032 mellitarum
766 4979 825 5031 aut
838 4964 979 5050 oxycrati
991 4958 1167 5033 dilutilsuui
1181 4962 1367 5058 purgaveris
1381 4960 1549 5055 pulmones
1572 4976 1611 5021 eo
1636 4949 1789 5050 sanguine
1814 4966 1948 5044 Adstrin-

1685 5057 1744 5127 qul
1811 5054 1908 5131 gratia
