4534 5850
271 2623 274 2629 '
367 2621 452 2680 nient
472 2623 505 2676 in

595 441 637 534 ,s
834 439 1770 524 saturatorum·

380 615 443 680 ιιι,
463 618 496 679 1,
540 613 613 667 cant
627 588 656 669 sc
668 593 736 670 'illis‘
751 591 1157 675 -racuarror'ribusallevan,
1182 613 1248 661 ιιοιι
1272 590 1394 662 ratione
1409 589 1497 662 istius
1519 588 1785 674 consuetudinis,
1816 596 1880 675 ait,
1893 610 1970 671 eve·

378 702 499 778 consuet.
540 696 607 779 nit,
632 696 746 771 utistae
770 699 972 795 purgationes
991 692 1170 775 conserant,
1195 685 1245 760 sed
1265 693 1342 785 quia
1358 714 1395 760 cx
1413 690 1502 764 ntro
1517 694 1690 861 dqfigavato
1711 717 1830 796 pravos
1848 697 1969 768 humo-

377 797 441 881 ⁴3²·
467 784 514 844 ⁸¹·
541 802 594 865 res‘
605 816 800 891 congerunt.
829 800 909 866 Item
929 799 990 865 ait:
1016 795 1193 867 Evacuatio
1224 811 1425 886 eorumquae
1447 796 1541 886 quoti
1567 796 1572 805 ‘
1614 814 1834 886 generantur,
1860 801 1970 870 minor

377 882 464 985 ”ms
540 890 700 989 eliquans
724 915 762 964 ut
776 899 917 991 requirat
940 895 1203 965 medicamentum
1228 912 1386 988 purgans.
1409 893 1471 965 sed
1512 893 1603 965 valde
1625 889 1844 993 indigentior
1870 902 1905 966 δι
1929 922 1969 969 cx

539 995 712 1067 mtervaliis
736 998 814 1066 utile
838 993 882 1066 est
900 996 1183 1064 medicamentum.
1209 991 1300 1063 Nam
1315 1009 1354 1059 ut
1367 1014 1460 1085 aquae
1486 991 1531 1062 sta
1556 996 1657 1063 nantis
1690 998 1781 1062 motu
1807 999 1967 1094 contingit

533 1095 762 1167 arescamus·
778 1116 926 1192 vapores,
951 1099 985 1164 &
1010 1116 1062 1161 aer
1078 1093 1331 1167 contaminetur3
1355 1092 1400 1159 ita
1423 1092 1505 1160 dum
1529 1015 1663 1164 subinde
1695 1093 1787 1164 nulla
1812 1118 1885 1168 vere
1910 1121 1966 1167 ur.

539 1210 633 1283 gente
649 1194 805 1267 occasione
820 1196 1038 1266 medicamenti
1064 1186 1124 1261 usu
1144 1208 1317 1262 moventur
1333 1188 1512 1271 humores,
1545 1187 1670 1291 spiritus
1695 1195 1905 1278 inficiuntur,
1930 1205 1965 1268 ἀ

496 1346 511 1356 ,.
539 1288 622 1360 dum
637 1316 693 1391 per
716 1316 811 1367 venas
825 1296 951 1395 rapitur
974 1293 1195 1388 dividiturque
1223 1289 1410 1359 alimentum
1436 1309 1604 1362 commotae
1628 1295 1766 1360 materia
1789 1295 1824 1359 in
1848 1295 1966 1366 incesti.

538 1413 584 1458 no
599 1415 730 1490 corpore
754 1392 960 1486 restagnantis
980 1394 1169 1484 contagione
1193 1389 1352 1460 vitiatur.
1377 1392 1462 1486 Qae
1480 1391 1645 1484 diligenter
1663 1386 1735 1462 sunt
1750 1395 1911 1464 notanda.

369 1513 484 1586 Pyrori·
588 1493 628 1558 ln
653 1486 769 1561 acerbis
782 1493 928 1565 dentium
943 1485 1126 1567 doloribus,
1151 1489 1351 1561 immotam
1375 1491 1508 1568 colitis,
1533 1508 1571 1560 ut
1586 1508 1660 1559 ante
1682 1490 1880 1575 docuimus,
1904 1520 1962 1595 py-

371 1611 435 1650 eum
453 1590 492 1648 ad
538 1589 637 1657 rotica
651 1612 689 1658 ex
707 1586 768 1660 usu
794 1585 867 1661 sunt
879 1642 887 1659 .
914 1593 1081 1690 Qroniam
1095 1590 1243 1658 educitur
1255 1587 1404 1680 quadam
1424 1584 1519 1659 sanies
1538 1591 1644 1660 tenuis
1659 1637 1668 1655 .
1694 1592 1736 1660 Et
1756 1593 1877 1663 mirum
1893 1616 1960 1665 tam

370 1675 480 1733 acerbos
535 1689 652 1779 exigua
672 1692 802 1761 materia
821 1696 854 1763 ἃ
871 1713 972 1791 pauca
988 1709 1110 1759 excreta
1134 1706 1200 1759 tam
1219 1679 1346 1756 acerbos
1362 1687 1484 1758 dolores
1508 1689 1652 1757 dentium
1677 1682 1773 1758 sedari
1792 1716 1800 1757 t
1826 1693 1879 1759 An
1893 1720 1958 1762 non

370 1758 484 1894 gesara
537 1784 629 1854 fimili
644 1789 806 1886 exemplo,
831 1808 868 1858 ut
883 1791 1102 1887 intercipiatur
1123 1780 1291 1872 cursus&
1315 1787 1452 1883 impetus
1485 1791 1623 1856 materiei
1647 1789 1680 1857 in
1705 1808 1809 1883 partes
1842 1797 1957 1863 ruentis

368 1858 511 1984 ὸτζὲζ
539 1885 712 1956 &dolores
734 1891 898 1960 excitantis
928 1889 1070 1986 pyrotica
1103 1878 1332 1985 applicabimus
1354 1890 1388 1958 in
1408 1887 1456 1959 his
1475 1907 1534 1957 aut
1559 1887 1620 1956 illis
1655 1881 1816 1982 partibus?
1848 1892 1953 1961 Immo

370 2004 475 2068 vm,
537 1973 740 2058 observatiam
756 1990 789 2055 in
815 1988 924 2058 multis
947 1988 1086 2083 corporis
1098 1977 1278 2083 partibus,
1348 1983 1374 2053 st
1404 1988 1545 2079 ingentes
1571 1985 1725 2065 dolores,
1750 1981 1957 2071 tuberculum

536 2082 670 2174 aliquod
683 2082 823 2154 exstitisse
839 2091 874 2155 δι
898 2083 1088 2182 apparuisset
1114 2082 1205 2176 quod
1227 2086 1260 2150 in
1289 2009 1348 2149 selo
1341 2084 1467 2158 videtur
1491 2083 1690 2163 condusrsie,
1716 2090 1749 2154 δι
1775 2081 1879 2156 seeum
1904 2111 1958 2160 ra.

536 2180 634 2349 puisse
657 2183 691 2256 id
707 2203 842 2267 totum,
865 2185 955 2282 quod
979 2181 1151 2257 molestiam
1174 2175 1326 2253 afferebat
1350 2233 1360 2252 .
1388 2184 1521 2259 Dolores
1550 2188 1634 2259 enim
1667 2182 1771 2288 postet
1800 2196 1954 2281 conquir.

549 2300 648 2350 cunt.
1309 2310 1313 2314 ’
1838 2327 1841 2343 ²

365 2370 483 2461 naim
583 2382 675 2452 Sicca
694 2386 853 2477 meninges
870 2400 967 2477 atque
984 2383 1074 2454 velut
1098 2380 1237 2451 siderate
1256 2401 1472 2480 apparuerunt
1485 2381 1555 2481 post
1579 2386 1748 2456 diuturnos
1771 2363 1881 2482 capitis
1899 2387 1958 2458 do

365 2455 481 2570 5⁸¹⁶&
531 2477 628 2560 iores,
652 2475 824 2577 prasertim
841 2504 947 2574 quum
961 2483 1165 2554 &humores
1190 2485 1280 2578 pravi
1307 2476 1400 2560 tunt,
1425 2486 1622 2576 retinentque
1646 2482 1768 2575 aliquid
1794 2487 1832 2553 de
1856 2506 1955 2556 natu.

359 2553 466 2596 ’Μ’
531 2599 567 2645 ιιι
596 2578 737 2648 humoris
765 2575 937 2651 arrabiiani
956 2578 1085 2651 adusti.
1113 2583 1153 2648 ln
1176 2574 1292 2650 talibus
1317 2575 1425 2652 balnea
1444 2588 1552 2677 potius
1576 2605 1614 2655 ex
1649 2576 1709 2651 usu
1735 2577 1826 2662 sunt,
1851 2609 1953 2684 quam

365 2705 466 2772 „pm-5
528 2679 662 2768 agitatio
679 2678 744 2746 ulla
769 2673 940 2750 sudorificis
964 2699 1021 2748 aut
1039 2672 1243 2750 calidioribus
1267 2680 1498 2752 medicamentis
1522 2698 1660 2753 tentata.
1721 2735 1723 2739 -

364 2783 475 2844 dolore.
579 2776 617 2842 ln
630 2769 822 2873 inspiciendis
841 2781 942 2848 urinis
964 2782 1142 2850 cavendum
1158 2776 1201 2848 cst
1230 2802 1270 2847 ne
1285 2780 1465 2880 decipiare,
1501 2785 1535 2851 &
1552 2804 1591 2850 ne
1609 2798 1723 2850 temere
1745 2776 1805 2855 tibi
1828 2785 1951 2880 aliquid

363 2864 481 2939 Μία·
528 2873 592 2943 sine
616 2878 737 2945 ratione
751 2870 952 2973 persuadeas.
979 2879 1069 2950 Nam
1089 2902 1195 2974 quum
1210 2898 1350 2978 expertes
1375 2877 1525 2953 tinfiurae
1550 2874 1667 2953 biliosae
1681 2901 1855 2978 apparent,
1880 2887 1955 2960 vul,

362 2964 463 3085 ἵζ”θ
528 2995 589 3065 gus
614 2976 812 3047 Medicorum
833 2976 944 3049 statuit
961 2978 1002 3076 de
1026 2974 1159 3052 sectione
1183 3002 1288 3058 venae,
1313 2979 1402 3074 quod
1419 3000 1513 3078 putet
1531 2975 1685 3079 supprimi
1698 3002 1756 3145 pgr
1779 2985 1955 3075 quemdam

347 3154 350 3159 ⁸
361 3049 467 3170 ,min
524 3072 789 3147 inflammationis
812 3080 944 3149 modum
962 3078 1053 3150 iilum
1072 3082 1259 3155 humorem,
1283 3083 1340 3171 qui
1368 3082 1494 3149 urinam
1519 3083 1638 3166 tingere
1661 3078 1701 3142 de
1740 3099 1787 3144 ret
1805 3128 1816 3147 ,
1834 3085 1874 3150 'Si
1901 3107 1957 3157 γε,

363 3195 500 3255 erm.
524 3195 565 3243 ro
581 3167 641 3245 bile
666 3170 811 3252 saturata
833 3179 909 3258 sint,
932 3178 1042 3250 itidem
1058 3180 1097 3248 de
1114 3172 1242 3249 secanda
1267 3198 1378 3253 vena,
1402 3180 1437 3245 δι
1460 3175 1654 3244 detrahendo
1674 3173 1798 3262 largius
1823 3173 1956 3269 sarrrguj.

357 3290 449 3350 penes
524 3295 565 3341 nc
581 3278 721 3366 cogitant
761 3278 900 3373 letique,
923 3278 1012 3373 quod
1030 3277 1159 3346 credunt
1170 3274 1457 3345 inflammationem
1474 3270 1531 3339 esse
1538 3319 1550 3352 ,
1574 3276 1609 3342 &
1627 3272 1956 3365 generationemmui.

355 3356 498 3517 1:²25·
524 3375 550 3444 ti
573 3372 717 3443 humoris
732 3302 852 3447 biliost.
878 3379 928 3448 Sic
946 3377 1017 3449 vide
1031 3374 1198 3475 quomodo
1222 3396 1337 3445 temere
1350 3396 1388 3444 ex
1397 3376 1560 3445 contrariis
1575 3374 1674 3441 un'nis
1691 3383 1891 3462 argumenta·
1908 3369 1957 3441 se·

360 3541 423 3580 „m
443 3466 498 3585 ’,ζῆ
527 3475 634 3544 cande
651 3498 740 3548 venae
754 3498 880 3576 petant.
907 3479 1037 3551 Malum
1053 3502 1151 3576 porro
1174 3473 1218 3548 est
1232 3475 1354 3574 aliquid
1370 3481 1405 3547 in
1430 3491 1499 3544 arte
1523 3472 1648 3547 Modica
1672 3461 1886 3546 comminisci,
1909 3492 1954 3550 ug

354 3605 477 3680 Μαι
521 3574 682 3645 inducaris
706 3579 747 3645 ad
772 3580 833 3647 hoc
849 3579 899 3650 vel
916 3578 996 3644 illud
1020 3579 1201 3667 agendum.
1824 3636 1853 3647 ,.

488 3653 496 3670 ’
574 3675 694 3756 Quum
709 3675 730 3738 d
746 3674 832 3741 'iores
857 3666 1050 3761 vagabunde
1073 3690 1181 3740 tenent
1193 3670 1310 3736 nothas
1332 3666 1429 3737 costas
1435 3712 1446 3745 ‚
1472 3673 1508 3740 δι
1531 3667 1767 3735 continuatione
1788 3663 1947 3738 membra»

521 3791 639 3837 narum
655 3772 817 3858 attingunt
831 3766 1010 3860 aliquando
1025 3786 1198 3840 mammas,
1224 3769 1258 3831 &
1276 3782 1379 3859 partes
1396 3761 1495 3831 sterni
1519 3768 1690 3835 anteriores
1709 3809 1721 3842 ,
1745 3786 1839 3835 caute
1863 3769 1951 3842 vido

363 3908 423 3965 lius
439 3860 465 3965 ι’
524 3888 559 3935 rc
580 3884 706 3961 oportet
722 3886 762 3934 an
787 3884 917 3963 propter
941 3834 1059 3934 ventiis
1082 3858 1237 3932 inferioris
1260 3860 1513 3951 cacochymiam,
1537 3885 1557 3932 a
1582 3886 1650 3957 qua
1681 3884 1813 3961 propter
1847 3890 1946 3967 vapo

364 3925 498 4064 1,,ωέ
523 3986 572 4035 res
596 3964 694 4032 elatos
718 3964 841 4036 dotores
864 3958 1018 4053 sugunt,
1043 3956 1139 4031 sensio
1154 3961 1232 4032 adsit
1249 3960 1384 4041 doloris,
1407 3983 1451 4031 an
1477 3955 1570 4034 causa
1593 3957 1659 4063 ipsa
1682 3986 1702 4035 a
1727 3958 1871 4059 partibus
1889 3962 1947 4038 su,

522 4055 699 4162 perioribus
723 4064 879 4161 pendeat,
905 4084 946 4132 an
970 4084 1045 4132 vero
1069 4064 1102 4130 in
1129 4061 1258 4131 thorace
1282 4053 1349 4157 ipso
1364 4059 1419 4127 lit.
1448 4060 1557 4154 Vulgo
1581 4065 1666 4134 enim
1689 4056 1813 4135 secatur
1845 4086 1946 4146 vena,

523 4157 686 4232 undelibet
702 4164 794 4230 dolor
818 4163 872 4230 fit:
895 4182 994 4255 atque
1010 4161 1042 4228 id
1066 4160 1200 4253 quidem
1226 4160 1308 4231 male
1325 4160 1447 4258 ‚sQis
1469 4164 1555 4233 enim
1572 4156 1695 4238 nescit,
1726 4162 1750 4232 s1
1773 4162 1868 4230 dolor
1890 4161 1946 4236 iste

522 4257 671 4354 agnoscat
695 4255 823 4329 causam
838 4263 869 4327 in
893 4280 1003 4331 ventre
1027 4252 1189 4336 insenorc,
1214 4284 1278 4326 non
1302 4258 1399 4326 modo
1424 4283 1489 4330 non
1512 4259 1650 4358 prodesse
1672 4254 1947 4358 phlebotomiam,

518 4354 570 4430 sed
586 4362 683 4430 etiam
697 4382 806 4427 nocere
831 4354 929 4456 sape,
953 4360 1044 4451 quod
1068 4358 1216 4429 attraslio
1241 4361 1334 4430 flata
1359 4351 1506 4455 partibus
1532 4355 1663 4439 inseris,
1688 4364 1723 4435 δι
1747 4361 1770 4427 sr
1794 4363 1943 4438 noudum

355 4508 436 4558 m
457 4500 494 4575 est
515 4459 777 4557 adstt‘pleuritis,
801 4482 838 4528 ea
858 4480 914 4555 per
939 4452 1108 4529 sedionem
1122 4480 1209 4531 venae
1235 4458 1441 4531 acceleretun
1730 4524 1744 4542 ,

354 4605 389 4639 u
418 4585 494 4643 m„
569 4561 685 4652 Qum
702 4557 796 4630 hodic
809 4560 947 4628 demitur
965 4550 1110 4650 sanguis,
1134 4562 1170 4630 δι
1194 4554 1345 4629 ultimum
1373 4579 1429 4629 vas
1453 4558 1688 4656 corruptissimo
1707 4548 1862 4648 sangiune
1879 4559 1949 4653 pie.

355 4665 429 4725 rcrr'o
444 4666 488 4723 de·
518 4672 599 4726 num
613 4652 657 4725 cst
669 4702 682 4735 ,
707 4675 779 4725 rum
797 4659 971 4727 incitantur
1000 4656 1115 4730 Medici
1132 4658 1172 4729 ad
1199 4660 1360 4737 iuratam,
1382 4660 1484 4728 immo
1505 4660 1634 4731 ,tertiam
1659 4659 1695 4728 ,δι
1719 4674 1871 4747 quartam
1898 4652 1942 4724 se-

355 4749 488 4805 trahendi·
519 4753 657 4825 &ionem
680 4776 783 4827 vente.
810 4760 850 4827 Et
869 4780 937 4852 quo
960 4760 1089 4843 majoris
1113 4760 1323 4853 corruptionis
1346 4759 1499 4853 particeps
1523 4748 1646 4846 sanguis
1669 4749 1714 4823 cll
1725 4799 1740 4838 ⁴,
1763 4776 1802 4821 eo
1834 4755 1874 4823 de
1899 4752 1948 4823 se-

350 4830 466 4942 s⁴.'¹3f“'
508 4855 716 4929 candavena
740 4856 893 4925 audacius
926 4858 1097 4948 cogitant.
1132 4859 1173 4923 Et
1195 4857 1232 4922 sie
1250 4849 1355 4924 misere
1380 4859 1412 4922 in
1446 4855 1581 4925 'humani
1604 4853 1725 4944 generis
1758 4848 1944 4947 sanguinem

353 4931 417 4980 nas,
435 4932 490 4990 μ’
519 4957 723 5028 contenditur
741 4977 777 5026 ac
803 4952 972 5031 llattutut·
999 4956 1096 5048 Qid
1115 4947 1350 5052 respondebunt
1364 4952 1499 5029 audon
1525 4948 1582 5023 suo
1604 4950 1747 5033 casem,
1771 4954 1947 5051 quemdu.

353 4995 465 5066 exsart-

349 5080 447 5146 guinis
1808 5072 1881 5125 wi)
