4534 5850
499 473 568 566 „a
767 447 1587 537 ouiiiiniuriioiiii

436 598 571 666 alteram
587 603 798 689 propagatos.
822 589 864 657 Et
878 585 945 655 liat
962 578 1098 677 quaestio
1109 574 1396 652 commemorabilis
1415 579 1461 650 est
1485 585 1520 651 δι
1544 581 1610 651 huc
1628 584 1768 654 maxime
1786 602 1883 684 pen·

437 701 558 763 tumis·
584 685 782 757 Dicebamus
792 686 906 784 paullo
918 705 992 754 ante
1005 687 1020 768 l
1032 683 1105 751 inde
1118 687 1208 750 enim
1229 679 1378 776 digressio
1393 678 1478 752 §aar
1492 678 1539 751 cst
1558 683 1572 769 )
1595 685 1678 777 quia
1710 706 1785 783 pars
1808 694 1862 756 in-

438 792 607 862 flammata
619 787 808 881 astringitur
822 779 904 856 &se
932 783 1087 875 colligit,
1109 783 1183 850 ideo
1202 773 1279 852 sana
1298 782 1443 852 trahitur
1473 780 1735 880 adduciturquc,
1771 786 1862 856 unde

436 890 637 963 convellendi
653 888 789 958 occasio.
813 890 856 957 Et
868 886 943 953 ideo
960 886 1036 978 quit
1056 877 1148 951 facile
1161 882 1281 952 -c'rcrlat
1303 882 1539 955 convulsionem
1563 886 1601 953 dt
1632 885 1795 983 paralysin
1810 888 1872 956 di·-

437 987 601 1063 versarum
624 993 769 1086 partium
785 992 967 1078 contingere
990 982 1076 1081 posse
1098 1002 1267 1078 tamquam
1290 979 1501 1081 symptomata
1522 975 1794 1064 &inimiici
1807 982 1865 1051 elii

436 1086 575 1167 α’ὁξισιν,
599 1094 634 1158 &
656 1090 926 1184 propagationem
945 1076 1048 1154 causa
1071 1078 1275 1164 morbificae,
1298 1091 1437 1154 maxime
1462 1104 1570 1179 quum
1594 1080 1637 1151 ad
1654 1072 1861 1155 membranas

436 1189 532 1284 ipsius
554 1181 672 1257 cerebri
689 1187 774 1254 labes
791 1189 949 1282 pervenit.
975 1184 1077 1278 Qud
1099 1185 1121 1252 si
1144 1187 1260 1283 primis·
1284 1179 1402 1256 diebus
1427 1177 1617 1254 membrana
1636 1177 1701 1281 ipa
1726 1184 1863 1255 inflam-

438 1305 604 1364 maretur,
626 1285 795 1357 convulsio
817 1285 902 1353 idem
920 1287 955 1353 in
978 1303 1105 1381 tempus
1129 1285 1296 1354 incideret.
1322 1289 1364 1358 Et
1380 1284 1513 1381 quando
1529 1280 1693 1354 convulsio
1714 1281 1826 1353 incidit
1847 1294 1873 1365 ,'

438 1409 496 1482 per
516 1385 698 1456 aubiionem
722 1379 823 1455 causa
847 1378 999 1452 morbum
1021 1380 1169 1453 faciuntis
1182 1385 1218 1453 id
1243 1389 1300 1466 fit,
1322 1386 1415 1482 quod
1440 1376 1588 1462 {aviron
1606 1399 1753 1456 vocant,
1779 1382 1863 1453 Mil-

440 1489 471 1554 le
493 1488 579 1555 enim
602 1487 679 1555 iocis
702 1479 839 1557 verbum
861 1475 1071 1560 ,innata
1094 1482 1266 1576 significat.
1294 1490 1335 1558 Et
1350 1491 1433 1582 quia
1458 1502 1561 1582 partes
1574 1480 1733 1563 nervot'ae,
1756 1501 1865 1554 utan-

438 1602 472 1652 te
493 1584 621 1653 ditium
643 1583 707 1665 esi,
730 1608 795 1653 non
817 1587 863 1652 ita
884 1578 976 1651 sarde
998 1583 1272 1665 inflammantur,
1301 1608 1361 1657 nec
1379 1584 1470 1656 anai
1492 1577 1601 1654 morbi
1621 1590 1672 1656 ris
1691 1586 1736 1654 ad
1756 1600 1866 1661 mem-

442 1676 559 1752 branas
582 1679 614 1753 se
637 1685 753 1760 vertit,
775 1683 852 1752 ideo
872 1704 940 1750 non
959 1687 1010 1751 ita
1031 1686 1127 1754 initio
1140 1687 1361 1759 convulsionis
1373 1687 1543 1759 eveniunt.
1569 1685 1677 1754 Immo
1696 1682 1793 1753 initio
1815 1700 1861 1751 nc

440 1783 570 1853 tantilla
584 1785 715 1876 quidem
740 1777 835 1850 febris
853 1779 920 1849 est.
947 1778 1067 1877 ltaque
1079 1785 1244 1857 convulsio
1259 1791 1368 1886 potius
1388 1785 1491 1856 aderit
1512 1804 1621 1880 quum
1644 1778 1768 1853 summa
1785 1776 1867 1850 sunt

439 1885 568 1962 onmia,
591 1892 628 1950 dt
653 1881 724 1981 post
739 1885 884 1975 vigorem
900 1882 1194 1964 inflammationis,
1217 1912 1283 1957 non
1304 1887 1437 1983 quidem
1471 1883 1730 1954 inflammationis
1760 1882 1870 1979 partie

439 1975 537 2058 laesae,
558 1976 612 2049 sed
633 1985 777 2078 partium
792 1976 965 2061 sanarum,
987 1988 1025 2052 δι
1048 1979 1280 2057 inconscnsum
1302 2006 1513 2065 vocatarum,
1533 2002 1576 2056 ut
1597 1977 1867 2052 membranarum

439 2075 579 2157 otrcbri,
601 2102 662 2151 aut
678 2081 775 2178 ipsius
789 2075 925 2150 cerebri.
945 2081 1052 2174 Quod
1076 2107 1186 2178 quum
1202 2094 1267 2157 cito
1287 2110 1356 2159 aion
1378 2089 1521 2164 eveniat,
1540 2102 1599 2152 nec
1618 2078 1789 2151 convulsio
1799 2075 1871 2145 sta·

441 2181 504 2247 tim
514 2172 703 2250 oborietur.
727 2184 942 2276 Qamquam
964 2201 1061 2276 urget
1083 2186 1203 2257 Galerii
1226 2189 1427 2260 audio‘titai.
1458 2179 1636 2253 Vultenim
1655 2182 1694 2249 in
1713 2174 1873 2249 vulneri·

444 2269 507 2346 bus
529 2280 765 2349 convulsionem
780 2275 870 2374 sequi
890 2302 931 2350 eii
953 2282 1230 2366 inflammatione,
1253 2309 1388 2384 eamque
1480 2286 1550 2352 'um
1563 2278 1626 2350 elle
1645 2277 1874 2348 inflammata-

442 2397 536 2445 rum.
563 2380 726 2448 indicere
750 2400 852 2478 partes
873 2379 1091 2454 inflammatas
1112 2386 1253 2482 primum
1281 2411 1349 2457 non
1370 2305 1566 2456 inffimari
1586 2372 1763 2450 absurdius
1786 2370 1835 2443 est
1856 2415 1871 2455 ,

444 2477 481 2541 dt
508 2499 574 2545 non
590 2477 726 2577 proinde
749 2479 883 2551 convelli
906 2497 1048 2578 pertore
1070 2484 1191 2554 directo
1214 2487 1348 2582 postas,
1370 2485 1406 2554 id
1431 2481 1521 2576 quod
1534 2478 1639 2576 placet
1654 2476 1812 2546 Galenu-
1836 2469 1871 2542 Si

445 2577 531 2644 enim
557 2573 626 2647 lasa
649 2600 721 2676 pars
746 2573 923 2657 vinealem
936 2625 952 2658 ,
984 2582 1018 2648 δι
1041 2577 1139 2653 illaesa
1161 2584 1384 2656 convellitur,
1415 2579 1468 2648 vel
1481 2575 1527 2644 est
1548 2576 1797 2652 inflammatio,
1819 2567 1870 2642 vd

444 2699 527 2748 tion.
553 2678 584 2745 Si
604 2680 835 2760 inflammatio,
857 2700 918 2747 tur
939 2686 1051 2775 potius
1063 2673 1234 2749 resolvitur
1246 2683 1285 2747 δι
1303 2677 1481 2765 clangunt
1506 2671 1633 2740 Contra
1651 2676 1747 2741 tnim
1773 2666 1872 2750 mhi»

444 2776 596 2868 ttiidique
618 2782 651 2847 vi
674 2779 938 2846 inflammationis
960 2771 1080 2847 debet.
1110 2778 1147 2844 Si
1170 2772 1215 2842 est
1238 2771 1451 2842 inflammatio
1472 2773 1578 2860 maior
1601 2816 1614 2848 ,
1643 2781 1712 2838 nun
1734 2766 1871 2867 quidem

447 2878 557 2953 initio,
581 2870 631 2945 sed
655 2899 761 2970 quum
775 2873 1021 2969 viget-malum,
1045 2869 1262 2972 symptomata
1281 2892 1418 2969 quoque
1442 2862 1493 2939 sui
1517 2871 1638 2963 getrerir
1653 2869 1747 2939 odet.
1769 2872 1872 2940 Etta·

448 2999 523 3048 nien
543 2977 711 3048 convulsio
731 2976 871 3045 accidere
893 2973 1024 3046 videtur
1037 2997 1146 3091 ‹puum
1165 2975 1278 3044 omnia
1298 2965 1511 3050 deferbuere,
1535 2972 1706 3065 &equum
1727 2964 1863 3039 inflam-

450 3078 552 3147 matio
575 3072 729 3155 dcsaeviit3
753 3076 844 3166 Quid
868 3077 956 3140 enim
977 3068 1158 3148 navarrae,
1181 3072 1269 3140 aliud
1286 3086 1420 3141 annotat
1441 3089 1544 3164 quam
1564 3055 1721 3156 mmo,
1752 3061 1874 3147 nsvin,

448 3170 609 3254 tedmari,
636 3181 671 3246 &
695 3166 916 3247 martiliaco,
938 3187 978 3238 ut
995 3170 1144 3261 loquitur
1168 3170 1330 3249 Galenus,
1354 3167 1452 3267 partis
1476 3168 1517 3237 ad
1549 3166 1705 3266 paralyfin
1735 3165 1885 3235 tenden·'

296 3299 300 3311 ·
449 3277 510 3343 tist
535 3278 623 3368 Ergo
644 3296 710 3344 non
731 3267 775 3337 eii
790 3260 938 3336 credibile
961 3269 1002 3336 vi
1016 3267 1281 3339 inflammationis
1305 3268 1442 3341 convelli
1464 3286 1607 3367 partem,
1628 3286 1704 3335 cum
1725 3281 1801 3360 pars
1818 3245 1874 3334 sass

450 3395 494 3442 na
515 3366 558 3442 ab
575 3371 832 3444 inflammatione
852 3365 894 3436 fit
916 3383 1010 3446 tuta,
1031 3370 1069 3435 δι
1093 3367 1117 3434 fi
1140 3364 1186 3437 ob
1209 3387 1334 3469 partein
1354 3362 1459 3438 laesam
1482 3368 1714 3436 inflammaram
1734 3362 1771 3431 fid
1797 3384 1875 3438 eve.

452 3478 521 3541 niat
543 3475 578 3541 in
598 3492 729 3570 tempus
741 3469 860 3565 vigoris
882 3461 993 3568 potius
1016 3465 1157 3536 incidet.
1183 3469 1283 3563 Qud
1299 3470 1338 3538 de
1361 3466 1542 3567 phreniticis
1565 3465 1669 3561 qnaert
1682 3457 1811 3561 potal-
1838 3463 1874 3533 st

451 3570 695 3653 convellantur,
719 3593 761 3641 an
777 3595 843 3641 non
861 3572 970 3668 potius
993 3572 1030 3637 in
1046 3566 1157 3661 vigore
1172 3563 1299 3649 morbi,
1323 3572 1359 3637 dc
1381 3587 1487 3663 quum
1500 3564 1764 3635 inflammat'mnis
1781 3555 1873 3631 sum·

449 3692 504 3737 ma
526 3661 602 3738 sunt
631 3676 743 3741 omnia
766 3683 777 3736 e
801 3672 1024 3766 symptomata
1045 3670 1130 3736 enim
1153 3685 1234 3738 tunc
1256 3668 1408 3747 elucent,
1431 3672 1466 3737 di
1489 3661 1659 3753 maior-est
1677 3676 1799 3732 namt:
1812 3681 1873 3729 tm

450 3768 634 3844 nat1¹⁵›&
656 3773 861 3865 oppugnatio
882 3761 984 3837 musae
1012 3759 1168 3837 morbum
1202 3764 1372 3841 foventis.
1404 3766 1479 3838 Nisi
1501 3766 1577 3860 quis
1607 3759 1693 3833 dicat
1729 3758 1873 3832 nonvelli

450 3866 558 3961 potius
572 3862 703 3935 insiaiitc
720 3884 823 3935 morte
838 3888 944 3960 quum
961 3886 1028 3936 non
1042 3870 1105 3954 iam
1117 3889 1170 3937 am
1194 3866 1257 3939 lius
1277 3867 1423 3940 alteratio
1431 3868 1488 3944 fit,
1513 3857 1566 3933 sed
1578 3864 1731 3934 iiiimtio
1743 3869 1874 3958 tempo*

447 3970 583 4035 ramenti
602 3967 717 4061 partis.
744 3969 797 4037 De
810 3988 880 4061 quo
898 3966 1005 4062 paullo
1024 3965 1112 4065 poll
1138 3893 1257 4042 obtin
1278 3989 1386 4039 unum
1412 3961 1721 4038 animadvertemus.
1745 3958 1872 4030 Sinon-

451 4061 578 4129 vcllitur
592 4085 666 4157 pars
683 4060 774 4140 siria,
790 4084 849 4134 aut
864 4064 1079 4136 convulsionis
1092 4062 1219 4138 causam
1234 4062 1350 4150 habet,
1373 4082 1412 4138 ut
1428 4068 1533 4143 virus,
1548 4082 1607 4133 aut
1620 4054 1718 4156 teipfi
1734 4055 1874 4128 infim-

452 4158 646 4236 mationem,
669 4178 813 4228 autnon
828 4156 943 4228 habet.
970 4165 1001 4230 Si
1017 4186 1083 4231 non
1099 4159 1212 4242 habet,
1238 4165 1394 4259 contingit
1406 4182 1535 4237 tantum
1554 4184 1592 4232 ex
1606 4171 1746 4235 mmm»
1773 4171 1870 4226 nem*

453 4269 494 4343 pe
509 4252 630 4320 ratione
644 4250 789 4323 resoluta
811 4258 910 4350 partis
932 4258 1079 4336 alterius,
1101 4259 1186 4341 (Sed
1200 4280 1267 4354 qua
1281 4268 1406 4333 ratione
1418 4285 1492 4360 pari
1506 4250 1870 4334 abua.tes›lvaturdi-'

453 4346 545 4415 &uin
560 4346 624 4432 esi)
637 4368 695 4415 aut
707 4353 785 4439 quia
796 4345 1048 4421 confutationem
1064 4350 1111 4421 sui
1128 4350 1254 4451 spiritur
1268 4365 1304 4430 δε
1320 4355 1482 4453 sanguinis
1503 4359 1700 4432 nontrafflm
1723 4363 1727 4410 :
1804 4358 1869 4424 in·

455 4443 675 4512 flammatione
691 4448 788 4542 partis
805 4439 970 4527 sauciata,
1012 4471 1085 4550 pars
1102 4445 1178 4527 sana
1195 4448 1401 4555 persentiscit.
1421 4459 1461 4530 Si
1476 4476 1556 4535 vem
1575 4452 1706 4533 uum.
1718 4372 1872 4530 sstiii

450 4534 499 4652 sc,
522 4559 581 4612 aut
597 4544 902 4627 inflammationem,
925 4567 985 4620 aut
1002 4555 1089 4625 vims
1111 4553 1151 4626 tle
1196 4558 1310 4637 stum,
1340 4578 1407 4657 qua
1423 4562 1457 4634 vi
1484 4551 1657 4660 deposuerit
1671 4554 1785 4631 vitus!
1809 4548 1871 4623 Est

349 4739 352 4744 Ι
451 4661 534 4709 enim
550 4638 685 4755 resoluta
699 4666 772 4758 pars
794 4648 877 4719 male
892 4648 1023 4721 afficta.
1050 4657 1096 4725 At
1114 4659 1252 4729 reoluta
1270 4680 1425 4760 pannon
1439 4654 1538 4731 habet
1561 4650 1872 4759 potentiamfflpd*

451 4738 548 4807 iiia
566 4737 657 4810 ann
675 4745 855 4816 vimina.
881 4748 954 4818 rin
970 4751 1115 4823 dianus
1129 4752 1180 4836 tva
1196 4756 1223 4822 a
1238 4754 1414 4840 moiun
1429 4753 1517 4839 aar,
1535 4762 1588 4832 vei
1601 4748 1870 4861 parastum,

354 4847 366 4855 ·
449 4842 512 4924 jein
529 4840 671 4911 munda
688 4841 803 4919 altera,
827 4850 986 4918 infirmam
1009 4853 1119 4931 reddi,
1144 4855 1193 4925 vel
1210 4855 1367 4927 attrahere
1378 4854 1487 4930 viras:
1503 4880 1570 4931 aut
1590 4862 1868 4955 'marmanum‘

448 4940 596 5027 rugium
620 4941 705 5014 unde
719 4955 799 5011 teter
813 4965 916 5044 vapor
932 4952 1144 5024 convulsionis
1164 4950 1260 5028 catab
1281 4952 1340 5027 etse
1351 4957 1475 5057 :puelli
1500 4962 1545 5032 lit
1568 4962 1591 5031 si
1613 4946 1868 5126 surgarlfibss&

432 5075 437 5084 ·
855 5083 858 5090 -
1487 5113 1492 5120 .
1743 5073 1815 5126 uui·

1470 5143 1473 5156 .

1380 5165 1451 5214 fax*

1336 5216 1378 5265 κ’
1450 5200 1455 5254 l

1309 5262 1335 5280 ,-
1453 5257 1462 5294 i¹
