4534 5850
583 459 844 567 natiuit.
871 464 1277 561 numeranti„
1311 470 1386 543 το.
1411 468 1452 544 τ.
1654 495 1725 568 259

352 641 380 708 3,
402 616 712 707 Μῖὢλωνμεῐζω·
740 622 784 688 Ri
808 640 877 687 ores
893 635 984 686 erant
1004 618 1066 687 fine
1090 618 1201 688 ordine
1224 613 1401 698 omnibus,
1430 625 1465 691 δι
1487 624 1632 699 erratice,
1653 623 1775 695 minimi

352 727 492 820 quidem
510 726 543 790 in
558 721 606 789 his
623 716 764 789 febribus
783 640 932 795 filerunt,
957 722 992 786 in
1011 718 1082 784 aliis
1096 729 1248 807 majores.
1274 722 1361 813 Quae
1380 715 1478 792 verba
1496 720 1519 788 fr
1535 718 1698 801 conseras,
1735 745 1776 791 u·

350 844 507 916 eramque
521 815 640 889 febrem
659 821 743 889 idem
758 817 816 886 effe
828 816 977 908 colligere
993 814 1105 981 pollis.
1128 819 1218 886 Nam
1236 821 1270 886 δι
1289 838 1426 913 utraque
1436 825 1611 900 continua,
1635 825 1671 890 δι
1685 839 1778 890 utra-

354 946 422 1016 que
438 923 529 989 tcrtio
543 940 675 1012 quoque
687 920 738 990 die
752 911 919 995 acerbior,
944 915 996 983 die
1022 934 1059 983 us
1079 914 1245 1002 interjee'tis
1266 914 1366 986 levior
1381 969 1391 986 .
1424 922 1460 986 ln
1482 939 1625 1015 utraque
1642 913 1714 988 sunt
1732 926 1777 987 ri-

349 1043 444 1115 gores
456 1023 491 1089 δι
511 1018 684 1098 horrores,
707 1038 747 1088 ut
760 1013 843 1086 forte
864 1034 981 1082 nomen
997 1014 1138 1081 horroris
1157 1019 1191 1083 δι
1209 1016 1321 1106 rigoris
1335 1039 1399 1085 non
1416 1014 1518 1087 stride
1534 1014 1678 1089 sumtum
1693 1018 1777 1090 idem

350 1120 414 1189 noc
432 1119 503 1187 loco
521 1117 689 1212 fignificet.
717 1116 790 1184 Noc
811 1111 959 1206 estquod
986 1106 1113 1202 objicias
1133 1115 1167 1180 in
1186 1112 1374 1183 hemitritaeo
1402 1109 1574 1185 secundum
1591 1119 1675 1188 diem
1690 1120 1777 1186 dete-

349 1226 466 1286 riorem
484 1216 541 1286 csse
560 1211 698 1286 secundo
718 1215 769 1280 die
789 1214 824 1279 in
839 1234 876 1280 ea
893 1205 1001 1291 febre,
1025 1235 1099 1305 quae
1122 1208 1291 1289 ruminali
1315 1214 1455 1292 dicitur,
1479 1217 1566 1308 quod
1585 1221 1617 1284 in
1634 1217 1778 1285 hemitri-

351 1337 411 1386 tao
429 1311 563 1386 secunda
576 1317 614 1383 lit
630 1311 756 1382 accellio
770 1310 901 1381 auetore
916 1311 1039 1381 Galeno
1053 1308 1162 1408 pallini
1182 1357 1194 1389 ,
1220 1304 1268 1379 fed
1295 1320 1453 1411 praecipue
1468 1337 1537 1412 cap.
1561 1335 1592 1380 2.
1613 1308 1671 1382 lib.
1690 1338 1719 1379 2.
1735 1316 1776 1383 de

350 1417 448 1486 differ.
470 1410 533 1484 feb.
554 1416 588 1480 in
612 1409 774 1490 ramnes&
792 1430 900 1480 autem
913 1408 1038 1480 nonest
1056 1405 1189 1479 secunda
1209 1409 1362 1491 accellio,
1397 1408 1447 1482 sed
1464 1431 1593 1482 tantum
1613 1417 1777 1482 continui-

350 1535 398 1585 tas
421 1508 536 1593 fcbris,
559 1511 645 1580 unde
661 1505 815 1580 sccundus
831 1512 897 1579 dies
911 1513 1043 1580 omnino
1058 1510 1161 1580 levior
1174 1506 1244 1580 est.
1272 1511 1363 1581 Nam
1384 1513 1526 1582 Galenus
1540 1513 1682 1582 Comin
1700 1533 1776 1608 par⁴
1846 1572 1850 1580 .

346 1614 438 1682 ticul.
462 1634 521 1700 ις.
542 1605 647 1679 ίεᾶἰο.
674 1634 705 1678 a.
723 1603 780 1677 lib.
812 1633 841 1675 1.
857 1612 950 1707 Epid.
968 1610 1137 1704 Explicans
1153 1610 1232 1703 quid
1251 1609 1288 1677 lit
1313 1605 1537 1690 r‘zvrsaelcebu
1563 1614 1658 1704 (quo
1676 1603 1775 1681 verbo

349 1716 455 1782 utitur
471 1714 630 1807 Hippocr.
647 1710 730 1777 dum
745 1702 889 1803 disputat
914 1709 953 1777 de
975 1702 1113 1777 secundo
1137 1708 1189 1776 die
1216 1701 1310 1777 febris
1336 1703 1549 1794 mmaopvr'oc)
1575 1714 1620 1778 ait
1644 1713 1774 1805 Hippo-

348 1832 467 1880 cratem
486 1809 683 1877 modcratam
702 1825 828 1876 tantum
845 1807 1049 1876 remissionem
1071 1806 1243 1898 intelligere
1260 1812 1293 1875 in
1312 1802 1446 1874 stcurmo
1469 1807 1520 1873 dic
1544 1801 1638 1876 febris
1656 1811 1777 1875 rritaeo·

350 1909 467 2004 phyis.
495 1910 541 1976 At
555 1907 623 1976 haec
639 1908 802 1975 moderata
817 1929 952 2001 quoque
970 1903 1107 1974 remissio
1114 1904 1157 1972 cll
1172 1909 1206 1973 in
1226 1899 1310 1974 febre
1331 1895 1499 1982 intramis?
1517 1949 1528 1982 ,
1556 1906 1580 1974 fr
1596 1903 1777 1974 conferatur

348 2002 505 2076 fecundus
521 2008 586 2075 dies
599 2030 673 2074 cum
693 2015 808 2074 tertio.
841 2007 937 2075 Unde
954 2006 1063 2073 eodem
1082 1997 1182 2075 verba
1202 1998 1274 2073 sunt
1297 2009 1331 2074 δι
1349 2004 1433 2072 idem
1449 1996 1571 2083 sensus,
1595 1999 1774 2083 τ’ποκυφίζι.

346 2115 431 2182 θαι,
459 2111 493 2173 &
516 2097 861 2190 aa'aeluc'ploxupm‘pb
873 2097 960 2173 laur.
975 2097 1106 2198 =quibus
1124 2099 1201 2172 usus
1213 2101 1258 2171 est
1273 2096 1376 2174 verbis
1392 2102 1568 2198 explicans,
1593 2109 1628 2172 dc
1653 2097 1772 2170 febrem

347 2197 542 2282 Ατωαωφυία,
558 2208 592 2272 &
604 2199 804 2278 intromisi.
828 2203 887 2272 Sed
898 2223 1005 2274 tamen
1020 2227 1127 2298 quum
1143 2203 1312 2295 longeuna
1329 2195 1424 2272 febris
1437 2206 1595 2278 &motu‚
1620 2196 1774 2298 &specie,

345 2305 385 2369 δι
400 2325 505 2378 more,
530 2306 566 2370 δε
589 2294 711 2374 caula,
744 2295 787 2368 ab
812 2301 910 2370 altera
927 2297 1076 2397 discrepet
1097 2350 1110 2380 ,
1141 2303 1262 2371 tametsi
1276 2299 1473 2370 dostiffimus
1486 2303 1642 2398 Hippocr.
1660 2322 1771 2368 rerum

346 2395 563 2468 distinstioncs
578 2403 613 2468 δι
637 2393 787 2481 mapale,
809 2403 946 2468 maxime
966 2407 1000 2469 δι
1017 2399 1247 2492 diligmtiflime
1258 2394 1429 2470 observans
1447 2446 1459 2488 ζ
1480 2423 1582 2468 unam
1596 2422 1673 2467 cum
1691 2399 1773 2466 alte-

342 2519 384 2567 ra
402 2499 550 2568 videatur
565 2492 777 2572 confundere,
800 2520 836 2565 ea
854 2500 943 2569 dere
957 2500 1071 2597 paullo
1085 2499 1212 2596 plenius
1230 2493 1289 2568 sub
1303 2501 1399 2569 linem
1415 2498 1511 2584 liujus
1539 2500 1770 2568 commentarii

344 2588 607 2691 disputabimus,
631 2592 716 2662 facia
737 2593 906 2685 diligenter
923 2606 1021 2667 unius
1041 2621 1118 2667 cum
1135 2599 1233 2669 altera
1261 2600 1499 2694 comparatione
1516 2650 1526 2664 .
1560 2599 1659 2667 Nunc
1677 2596 1715 2664 de
1732 2619 1770 2665 eu

346 2717 423 2789 quar
446 2690 598 2774 rumrepr'c
622 2694 759 2772 dicitur,
780 2695 984 2766 difleramus.
1004 2691 1108 2766 Febris
1126 2696 1195 2766 haec
1211 2719 1250 2766 ex
1265 2700 1490 2767 continuarum
1507 2719 1618 2791 genere
1634 2694 1678 2764 ell
1686 2698 1772 2794 Hip-

348 2797 485 2890 pocratis
500 2791 690 2860 audacitate
707 2793 741 2856 in
756 2801 869 2885 partic.
886 2816 943 2882 25.
966 2791 1038 2864 seer.
1063 2818 1093 2860 2.
1111 2790 1167 2862 lib.
1195 2818 1222 2862 r.
1239 2798 1331 2891 Epid.
1361 2800 1403 2866 Et
1425 2815 1534 2867 tamen
1559 2789 1770 2867 exacerbatio·

344 2913 403 2963 nes
416 2883 515 2960 habet
529 2893 628 2957 tertio
643 2909 777 2983 quoque
793 2891 845 2960 die
863 2915 929 2958 non
948 2895 1040 2986 quod
1064 2895 1096 2959 in
1123 2888 1279 2977 ἄπυροξῖυ
1301 2895 1419 2964 desinat
1451 2896 1462 2977 (
1480 2896 1603 2989 alioqui
1624 2919 1642 2965 e
1667 2898 1774 2964 conri-

346 3013 490 3060 nuarum
505 3009 638 3058 numero
650 2991 864 3073 eximeretur)
890 2986 942 3066 fed
966 2985 1123 3066 ‚manu
1143 2990 1320 3081 quamdam
1341 2984 1468 3067 habet,
1499 2995 1613 3061 Galeni
1628 2995 1770 3062 auetori-

345 3109 413 3159 tate
427 3113 496 3185 cap,
523 3110 552 3153 2.
570 3080 630 3155 lib.
647 3109 679 3153 2.
696 3085 736 3153 de
754 3087 852 3157 differ.
876 3082 955 3156 febr.
975 3090 1045 3158 Nec
1064 3090 1154 3179 rigor
1170 3083 1216 3155 est
1229 3087 1347 3182 aliquis
1363 3092 1506 3183 typicus,
1528 3108 1696 3182 tamquam
1707 3115 1770 3157 no·

346 3213 395 3259 va
409 3185 583 3258 accessionis
600 3187 859 3284 paranymphus,
884 3182 935 3257 fed
950 3190 1076 3257 criticus
1091 3185 1149 3254 effe
1239 3184 1290 3254 st.
1316 3188 1438 3255 Tamen
1459 3210 1499 3256 ex
1512 3207 1595 3282 part.
1618 3210 1674 3277 25.
1695 3183 1768 3256 sedi.

349 3307 385 3353 2.
402 3282 459 3356 lib.
487 3309 512 3356 ι.
528 3286 622 3383 Ερίἀ.
646 3289 683 3353 ln
708 3278 854 3356 febribus
881 3280 1081 3367 tamensim
1106 3279 1150 3353 ob
1163 3307 1252 3356 ervat
1277 3290 1489 3383 Hippocrates
1513 3282 1619 3374 illata,
1650 3291 1770 3381 rigores

346 3388 598 3455 inordinatos&
616 3380 841 3475 vagabundos.
868 3386 971 3476 Qrod
986 3386 1163 3452 notandum
1182 3382 1227 3450 cst
1238 3386 1426 3477 diligenter,
1446 3410 1484 3453 ne
1503 3408 1555 3453 eos
1574 3388 1691 3477 rigores
1708 3380 1773 3453 ob·

344 3479 506 3555 servantes
522 3501 637 3549 temere
656 3478 776 3551 febrem
796 3476 1038 3550 semitertianam
1060 3480 1116 3550 ell'c
1142 3501 1323 3577 putemus,
1354 3501 1411 3550 aut
1436 3484 1695 3551 intermittentem
1710 3484 1770 3552 ali.

344 3607 470 3677 quam.
497 3581 559 3651 Sed
576 3581 667 3673 quod
682 3585 778 3650 tertio
791 3581 845 3649 die
861 3574 957 3650 febris
968 3574 1192 3676 exasperemur,
1225 3582 1256 3648 id
1281 3577 1465 3667 παροξυσμδς
1487 3583 1547 3651 dici
1568 3581 1695 3677 potest,
1721 3606 1773 3653 re·

347 3684 544 3780 duplicatio,
572 3679 658 3751 unde
675 3683 888 3777 Hippocrates
904 3700 996 3750 vocar
1014 3684 1107 3749 tertio
1120 3682 1171 3749 die
1195 3673 1364 3755 miliia,
1387 3672 1657 3766 straminis-rur,
1683 3688 1717 3753 δι
1735 3686 1769 3751 in

344 3776 559 3879 aphorismis,
584 3773 1167 3865 bdrmnlexvpo'npnandylneu,
1193 3773 1328 3847 scribit.
1351 3777 1493 3847 Galenus
1515 3803 1548 3849 2.
1564 3779 1603 3848 de
1617 3782 1682 3852 diff.
1704 3777 1769 3851 feb.
1790 3788 1927 3866 Apsum

345 3875 490 3956 ,aarum
516 3877 639 3944 induo
654 3900 767 3971 genera
781 3879 919 3956 dividit,
941 3882 976 3947 in
1000 3868 1117 3954 rutilae
1140 3927 1154 3960 ,
1176 3884 1212 3947 δι
1235 3878 1312 3948 alias
1324 3880 1448 3970 generis
1458 3885 1591 3949 nomine
1603 3883 1770 3976 ¹insignitas
1788 3871 1836 3932 Μ·
1861 3888 1896 3949 4·

343 3986 384 4064 δι
402 3973 561 4069 ambiguo
591 3976 737 4063 «νιαλς,
771 3979 901 4045 Harum
917 3974 1135 4074 ¹pcfletiorum
1160 3982 1246 4048 ratio
1259 3980 1291 4045 in
1304 3980 1341 4047 iis
1357 3970 1528 4072 praesrnim
1545 3972 1688 4051 febribus
1702 3987 1770 4082 lpt-
1791 3956 1899 4033 ‘'Ph''

345 4080 477 4157 statur,
497 4083 533 4144 ln
548 4099 694 4169 quatum
710 4077 925 4144 continuitate·
938 4075 1100 4173 peculiaris
1114 4078 1262 4146 humoris
1270 4070 1585 4156 motusobsematur,
1607 4100 1651 4148 ut
1662 4105 1765 4177 quum

345 4179 397 4250 ,vel
416 4181 513 4245 tertio
530 4198 668 4269 quoque
679 4177 732 4245 die
746 4168 948 4244 exacerbatio
962 4174 1073 4268 aliqua
1088 4170 1258 4250 observatu
1277 4165 1373 4266 digna
1395 4178 1683 4259 animadvertimus,
1719 4186 1766 4251 ira

351 4295 391 4345 ut
406 4275 563 4344 nonnulla
577 4276 698 4372 periodi
715 4274 752 4344 fit
767 4278 850 4344 ratio
869 4300 880 4344 τ
904 4275 944 4343 src
960 4275 1110 4368 quadam
1124 4282 1276 4347 omitinua
1299 4272 1347 4344 est
1368 4276 1556 4370 quotidiana
1572 4325 1585 4356 ,
1615 4282 1765 4374 quedam

350 4377 507 4452 tertiana,
528 4375 677 4468 quadam
694 4394 875 4469 quartana,
896 4366 949 4444 fed
963 4374 1032 4443 hec
1046 4380 1152 4446 rarius
1212 4375 1244 4446 Si
1266 4378 1360 4448 tertio
1377 4398 1515 4471 quoque
1530 4379 1583 4447 die
1596 4376 1766 4451 exacerba-

349 4478 399 4543 tio
412 4478 577 4568 =contingit
596 4469 767 4551 rumorosis
776 4475 895 4543 dicitur
908 4475 1012 4544 eidem
1027 4476 1173 4545 Galeno.
1196 4478 1228 4545 si
1243 4468 1381 4543 mundo
1401 4476 1455 4543 die
1473 4500 1556 4548 nova
1573 4479 1769 4562 litacceliio,

347 4578 386 4644 ἃ
403 4579 502 4644 tertio
515 4595 653 4669 quoquc
667 4572 719 4640 die
732 4564 937 4643 exacerbatio
951 4572 1014 4650 fit,
1038 4570 1212 4647 immorior
1241 4573 1303 4640 dici
1322 4573 1443 4668 potest.
1480 4579 1689 4678 Quemquam
1707 4604 1767 4648 no-

347 4691 426 4746 men
443 4669 505 4748 boc
522 4678 622 4768 rejicit
639 4672 754 4753 Galen.
770 4695 842 4769 oep.
862 4693 895 4738 2.
907 4665 963 4740 lib.
986 4672 1081 4740 2.,de
1097 4671 1199 4740 differ.
1215 4662 1379 4747 febrium,
1401 4676 1437 4739 ἅ
1461 4673 1629 4745 Commcn.
1647 4682 1679 4748 in
1693 4703 1767 4778 par·

346 4769 449 4847 rieul·
471 4761 587 4859 pse&
612 4795 641 4857 3.
660 4766 718 4840 lib.
740 4770 881 4869 1.Epid.
907 4773 1036 4840 Dooens
1059 4773 1295 4867 Hippocratem·
1317 4770 1452 4860 adiecisse
1477 4771 1647 4849 intromisi
1658 4775 1767 4843 καλεύ-

345 4894 456 4949 μιω,
480 4870 571 4961 quod
588 4872 797 4942 nomentio
816 4874 883 4942 huc
897 4874 943 4942 Hi
1027 4873 1089 4940 rati
1099 4895 1166 4939 non
1186 4868 1332 4967 placeat:
1363 4872 1507 4941 eamdem
1522 4893 1628 4944 tamen
1649 4869 1766 4971 probat

347 4969 468 5044 ,salem
484 4991 552 5067 oep·
571 4992 604 5060 7.
621 4962 680 5038 lib.
695 4993 727 5038 2.
748 4971 787 5043 de
803 4972 905 5044 differ.
923 4967 953 5041 fe
993 4973 1060 5042 ium
1077 5021 1086 5039 .
1112 4970 1173 5041 Sed
1187 4995 1254 5040 non
1271 4965 1331 5039 abs
1345 4994 1378 5041 rt
1395 4967 1672 5067 primumscbrem
1690 4990 1770 5040 coa*

1244 5067 1280 5136 R
1331 5090 1353 5135 2
1594 5071 1720 5144 tintcum
