4534 5850
548 424 1570 513 ecncnencutnvu3c1n1.
1696 464 1719 523 9

343 576 434 647 utilis
452 572 513 663 effe
529 568 654 667 potest.
678 573 737 640 Sic
757 574 883 643 moueri
902 597 963 643 uon
981 592 1101 668 oportet
1128 576 1233 645 macie
1250 571 1309 661 ista
1329 577 1368 650 ci·
1399 576 1491 670 quali
1504 571 1576 646 tabe
1604 579 1772 671 quadam,

343 679 426 772 quin
447 671 542 744 bilem
562 692 698 740 concavo
708 673 832 756 jecoris
852 673 992 762 clausam
1005 672 1118 764 senfim
1136 676 1323 742 eliciamus.
1348 678 1500 778 ¹Quidam
1526 680 1636 769 pueris
1655 676 1771 748 cache·

345 777 459 852 biicis,
476 765 691 863 inquibus&
702 767 775 857 fitis
793 769 985 843 incredibilis
1008 785 1051 845 (9⁸
1071 771 1247 853 darsiria,
1278 773 1369 863 usum
1389 798 1550 868 aquarum
1569 780 1771 853 naturalium

340 891 422 967 potu
435 871 619 959 sumturum
646 868 923 965 consulatumque
954 872 1056 964 opinio
1075 872 1142 960 suis
1153 872 1306 956 destituta
1323 898 1384 942 non
1403 871 1447 957 eli
1463 874 1670 967 patrociniis.

395 973 549 1038 Ceterum
567 968 601 1034 iu
619 989 653 1036 eo
663 963 758 1049 statu
775 965 937 1057 condituri
951 972 1044 1062 pueri
1061 967 1206 1040 laborant
1214 971 1294 1064 sepe
1305 970 1406 1059 fluxu
1427 973 1498 1039 alvi
1518 970 1658 1064 chyloso,
1682 972 1771 1048 urb:

346 1069 371 1136 ii
394 1062 507 1160 quibus
524 1087 609 1135 vene
629 1066 808 1155 mesaraica
820 1067 898 1158 sunt
912 1065 1060 1152 obslruila
1070 1115 1083 1148 ,
1102 1075 1163 1140 vel
1174 1068 1273 1162 hepar
1292 1065 1503 1138 imbecillum.
1529 1077 1616 1138 Nou·
1619 1069 1664 1155 fit
1680 1073 1769 1139 euius

338 1165 461 1256 sutlio,
480 1189 538 1233 uec
555 1163 744 1254 exsugitur,
762 1168 950 1260 eliciturque
964 1189 1044 1260 pars
1058 1172 1171 1262 purior
1189 1167 1273 1261 chyli
1285 1165 1405 1238 devehi
1418 1172 1510 1258 solta
1529 1169 1574 1235 ad
1593 1164 1691 1259 hepar
1710 1163 1771 1235 ba·

346 1264 494 1355 matulam
512 1261 683 1356 officinam.
709 1269 752 1330 Et
768 1265 847 1333 dum
867 1268 1001 1335 Medici
1026 1263 1201 1336 albicantes
1231 1267 1270 1338 ci*
1298 1263 1435 1361 chylosas
1464 1266 1645 1352 dejeiliones
1674 1261 1772 1354 obser-

346 1383 431 1432 vant
441 1411 454 1443 ‚
478 1363 638 1455 intrepide
643 1382 787 1455 purgant
805 1364 845 1437 ὠ
864 1367 1049 1434 cunilauter
1067 1411 1079 1442 ,
1106 1390 1206 1459 quum
1226 1383 1335 1435 tamen
1362 1362 1415 1432 hic
1435 1367 1622 1435 audendum
1635 1362 1707 1450 stt,'
1730 1363 1769 1436 ά
1799 1368 1804 1376 ’

346 1464 516 1551 dilgenter
531 1462 759 1554 purgandum.
780 1465 895 1531 Donec
917 1464 1002 1532 enim
1018 1459 1177 1547 otstrauts
1192 1459 1317 1556 sublata
1334 1461 1457 1541 fuerit,
1487 1488 1549 1532 non
1575 1458 1619 1545 esl
1633 1461 1706 1553 spes
1733 1480 1771 1527 a·

342 1583 442 1648 grum
462 1562 716 1630 convaliturum.
744 1563 958 1631 Procuranda
978 1565 1064 1630 euim
1082 1566 1170 1632 omui
1177 1562 1289 1650 studio
1308 1560 1352 1645 est
1365 1562 1540 1642 Ιαιήίδσση,
1563 1556 1658 1651 ipfius
1687 1554 1774 1650 ebyls'

345 1681 409 1727 uon
421 1654 584 1746 subeuntis
600 1655 766 1745 aufraibus
783 1661 917 1729 viarum
937 1659 1192 1748 mesaraicarum
1212 1711 1224 1741 ,
1244 1663 1284 1735 lb*
1300 1683 1358 1731 eas
1374 1682 1504 1732 tautum
1519 1657 1721 1746 substantie.
1819 1722 1837 1753 Ι.

396 1760 551 1824 Ceterum
571 1758 606 1821 s'n
624 1759 768 1822 Coeliaea
786 1761 966 1825 excoctione
993 1760 1055 1826 duo
1066 1757 1143 1851 sape
1172 1763 1290 1848 adsunt
1321 1762 1489 1835 notanda,
1508 1777 1639 1831 unum,
1665 1748 1771 1838 febrit
1870 1764 1876 1825 .“

347 1851 438 1935 adest
459 1875 533 1918 cum
549 1857 657 1942 pulus
667 1849 879 1944 frequentin
896 1855 1068 1931 alterum,
1094 1858 1235 1948 deliquia
1255 1858 1356 1924 animi
1382 1859 1464 1926 elato
1488 1854 1534 1922 ad
1561 1876 1594 1919 os
1624 1853 1772 1919 vicinum
1803 1912 1820 1932 ,d
1845 1886 1849 1893 ·

347 1949 527 2018 ventriculi
547 1967 628 2016 tetro
649 1971 795 2040 vapore.
818 1945 949 2044 Quibus
964 1973 1038 2040 ergo
1056 1956 1208 2022 remediis
1230 1951 1362 2046 belosa
1391 1956 1596 2043 Coeliacaque
1624 1951 1771 2019 excretio
1815 2033 1820 2040 Ι

347 2047 462 2116 curari
477 2040 568 2114 debet
580 2064 591 2115 t
600 2040 706 2131 febris
723 2070 788 2139 quc
806 2045 895 2130 adest
911 2045 948 2115 ob
966 2068 1185 2120 contumacem
1196 2052 1243 2136 fit
1271 2048 1502 2135 oldlruciioneru
1521 2070 1682 2118 venarum
1699 2068 1770 2115 me·

343 2145 570 2234 saraisarum,
588 2144 628 2216 (ῥ’
639 2167 679 2213 ea
692 2144 938 2239 symptomatica
951 2143 1012 2228 esi,
1014 2146 1050 2235 fi
1054 2153 1177 2219 Galeno
1185 2152 1276 2220 credi
1295 2145 1409 2229 debet,
1426 2140 1769 2239 ideooppngnandaess

346 2247 388 2311 iis
408 2265 473 2335 qua
490 2246 730 2310 contumaciam
749 2240 955 2325 obstrullionis
973 2248 1102 2313 tollant.
1122 2256 1167 2316 ln
1184 2272 1258 2317 eum
1266 2245 1371 2331 finem
1389 2251 1501 2316 valent
1531 2242 1658 2314 decoiia
1674 2243 1771 2309 radi·

347 2362 425 2408 cum
442 2343 536 2406 enula
556 2361 713 2432 campana
726 2385 736 2414 ,
751 2335 923 2432 [ymphiti,
942 2342 1102 2434 utriusque
1122 2342 1349 2432 erythrodani,
1362 2346 1544 2433 gentiana,
1562 2339 1769 2407 immoetiam

348 2433 545 2520 arstoloclsts
560 2460 620 2531 per
639 2435 733 2505 horas
754 2445 785 2505 6.
807 2441 842 2504 in
862 2457 950 2505 aceto
968 2435 1055 2524 sorti
1086 2461 1350 2518 maceraturum,
1378 2434 1549 2510 herbarum
1575 2433 1684 2529 praffii
1705 2429 1771 2501 albi
1844 2464 1877 2491 .·
1934 2456 1939 2469 ·

347 2533 498 2604 chamad.
517 2532 661 2626 cbamcp.
681 2532 810 2605 lichenis
842 2537 948 2630 capill.
983 2541 1124 2605 cicerum
1156 2535 1345 2617 rubrorum,
1370 2533 1570 2631 pentaphylli
1601 2534 1641 2605 ci
1667 2525 1770 2628 intybi

347 2631 511 2725 utriusque
528 2636 639 2702 addito
651 2634 773 2725 semine
789 2632 913 2723 sefeleos
923 2680 934 2711 ,
947 2639 1092 2726 poeonia,
1112 2638 1202 2705 citrii
1209 2683 1222 2714 ,
1234 2634 1377 2728 genista,
1398 2638 1524 2705 incotlis
1532 2631 1624 2718 solis
1634 2630 1737 2720 senno
1756 2673 1770 2707 ,
1873 2651 1876 2654 ·

349 2733 478 2821 agarico
497 2777 508 2810 ‚
528 2733 567 2803 (b
587 2734 662 2804 rbeo
682 2734 814 2801 addito.
839 2739 916 2803 Nec
933 2752 966 2801 te
994 2756 1125 2804 moveat
1143 2741 1227 2829 quod
1260 2738 1357 2803 aluus
1380 2735 1519 2822 floridior
1539 2731 1584 2819 fit
1604 2757 1616 2810 ·‚
1645 2728 1770 2822 Chylus

350 2830 435 2898 enim
452 2854 513 2898 non
527 2833 656 2921 sullus,
676 2854 733 2898 nec
752 2833 899 2906 elicitur,
916 2856 974 2900 nec
993 2836 1164 2918 reiet'latur
1181 2830 1217 2902 ob
1234 2837 1307 2901 vias
1326 2836 1520 2923 interceptas
1541 2851 1708 2921 ‚quarum
1725 2827 1768 2893 li-

348 2922 456 2996 bertas
474 2934 602 3012 caulam
621 2924 721 3000 morbi
739 2933 845 3008 tollet,
863 2950 899 2999 ut
919 2936 1040 3025 corpori
1051 2932 1184 3028 superfit
1208 2930 1337 3003 libertas
1351 2931 1418 3019 sui'
1434 2927 1605 3014 reficiundi
1633 2924 1780 3014 astralia.

349 3021 480 3117 benigno
498 3032 669 3099 alimento.

403 3148 433 3212 3.
459 3130 574 3199 Galese
591 3134 756 3199 Commen.
774 3133 809 3198 in
823 3134 973 3224 particul.
994 3161 1027 3221 9.
1050 3131 1175 3222 seliion.
1201 3158 1229 3204 ι.
1250 3132 1301 3205 hb.
1327 3156 1354 3212 1,
1377 3133 1472 3228 Epid.
1491 3131 1541 3199 ait
1568 3129 1604 3196 in
1621 3118 1771 3213 febribus

349 3226 505 3291 continuis
523 3223 687 3295 humorem
709 3232 862 3298 contineri
878 3233 1015 3317 infimis
1032 3233 1154 3323 hepatis
1173 3237 1352 3304 &circum
1384 3260 1417 3301 os
1445 3228 1636 3305 ventriculi3
1662 3242 1737 3293 nota
1755 3266 1782 3299 ‚.

347 3322 433 3412 quod
450 3323 529 3389 dicit
548 3330 672 3392 circum
689 3351 722 3393 os
739 3327 915 3393 ventriculi
933 3371 944 3401 ,
962 3332 1048 3395 ursde
1061 3328 1095 3410 fi
1110 3332 1251 3395 vomitus
1260 3326 1372 3409 adesi,
1389 3330 1422 3416 ſs
1437 3324 1747 3411 defei'lionesauimi
1755 3363 1769 3397 ,

347 3442 413 3484 non
438 3439 605 3506 propterea
618 3424 658 3485 de
668 3423 805 3499 maligno
814 3416 983 3494 verebere,
1008 3421 1065 3486 boc
1082 3426 1168 3484 enim
1177 3423 1358 3499 deeffentia
1370 3420 1468 3488 morbi
1486 3420 1550 3497 τῆς
1575 3418 1706 3506 &quod
1716 3438 1773 3479 no·

348 3514 489 3580 tandum
509 3513 613 3601 magis
632 3511 819 3598 Hs'ppacrau
839 3502 907 3574 libr.
927 3509 969 3574 de
992 3503 1111 3575 Diebus
1121 3509 1233 3591 judic.
1254 3502 1370 3595 scribit.
1393 3511 1428 3574 in
1454 3505 1631 3574 morborum
1649 3509 1785 3598 prinei.

346 3612 411 3703 piis
430 3604 529 3696 hepar
548 3604 813 3690 intumescere&
836 3605 981 3695 expandi
990 3651 1002 3680 ,
1027 3608 1212 3695 elevatique
1228 3607 1274 3672 ad
1292 3602 1510 3697 diaphragma
1530 3649 1542 3680 ,
1561 3605 1645 3695 quod
1672 3604 1786 3694 ratim·

349 3730 424 3775 uem
441 3707 551 3791 reddit
572 3707 715 3773 omnium
733 3725 796 3796 que
814 3698 960 3789 horrifice
974 3699 1059 3782 fiunt
1079 3702 1172 3769 initio
1192 3698 1373 3769 morborum
1399 3696 1441 3767 &⁸
1466 3698 1732 3793 paroxysmorum
1756 3746 1770 3781 ,

349 3827 430 3876 stam
447 3808 663 3871 tumultuatur
680 3799 794 3868 humor
811 3849 823 3883 ,
835 3797 984 3887 facultas
999 3802 1103 3894 partis
1123 3799 1258 3889 insurgit
1276 3798 1430 3888 adversus
1449 3802 1487 3869 id
1503 3806 1586 3894 quo‘d
1605 3796 1770 3883 molestat,

348 3925 428 3996 pars
449 3926 568 3996 quoque
586 3901 652 3995 ipsa
668 3902 828 3975 enitituri
845 3917 882 3965 ut
901 3901 936 3965 iu
945 3894 1203 3981 sternutamento
1221 3893 1385 3966 cerebrum
1395 3941 1414 3976 ,⁴
1434 3900 1474 3973 (r
1485 3900 1532 3990 fic
1547 3900 1654 3991 pots‘sss
1681 3899 1773 3978 aaut

353 4002 558 4069 vomitorium
584 4004 619 4066 in
636 4000 791 4084 ejusmodi
804 3996 1025 4088 symptomatis
1043 4021 1143 4087 quam
1167 4000 1377 4067 cardiacum.
1554 4053 1566 4080 .,
1622 4077 1625 4082 ¹
1707 4067 1714 4080 ‚
1765 4023 1780 4073 ‚·

403 4115 438 4186 4.
465 4097 675 4190 Aphorssmus
695 4096 723 4161 is
740 4091 783 4178 cd
796 4095 829 4161 in
847 4091 978 4163 Calicis:
1001 4092 1132 4192 Qsibus
1155 4116 1257 4196 partes
1279 4094 1405 4166 infernae
1423 4087 1618 4189 affliguntur
1640 4089 1772 4192 pruriti-

352 4194 414 4267 bus
430 4220 523 4267 antea
539 4192 675 4267 ibstibus
689 4190 826 4273 obortis,
850 4195 900 4261 his
916 4191 1043 4266 arenosa
1060 4200 1154 4269 uritsa
1168 4202 1206 4268 fit
1220 4190 1486 4294 &supprimitur.
1502 4197 1572 4291 Qoi
1585 4216 1622 4261 ex
1643 4194 1692 4262 his
1698 4213 1770 4289 peg-

353 4293 463 4366 niciose
478 4293 596 4366 habent
613 4300 659 4365 his
676 4319 760 4363 mens
773 4288 980 4390 obtorpescit.
1007 4299 1161 4392 Hippocr.
1181 4323 1215 4384 4.
1243 4301 1339 4390 Epid.
1367 4302 1402 4364 its
1423 4291 1553 4376 hilloria
1579 4293 1622 4361 de
1638 4313 1737 4384 puero
1756 4339 1769 4372 ,

353 4396 471 4464 Talem
491 4395 634 4484 sffeilum
653 4391 708 4458 rhu
733 4401 801 4475 §pot
819 4394 977 4458 ἐπίσχεσιν
999 4417 1106 4467 vocat.

409 4519 438 4583 ς.
465 4497 577 4595 Queri
596 4494 677 4581 solet
695 4518 738 4559 an
755 4497 882 4563 ineunte
895 4494 1087 4584 paroxysmo
1108 4491 1293 4563 Arshritico
1319 4510 1426 4560 tutum
1453 4490 1491 4569 lit
1517 4491 1598 4561 dare
1624 4490 1768 4563 medica.

356 4611 521 4667 mentum,
539 4593 578 4662 cb·
596 4594 709 4684 quale,
736 4616 779 4659 an
803 4583 933 4679 sanguis
951 4593 1129 4662 mittendus
1150 4638 1161 4669 ,
1185 4593 1225 4664 ὠ·
1258 4592 1363 4669 uude,
1393 4614 1437 4658 an
1455 4594 1554 4658 etiam
1584 4613 1684 4662 manu
1712 4615 1769 4661 ar·

357 4684 505 4767 tbrieica,
530 4690 633 4759 dolore
642 4758 644 4763 ,
644 4689 824 4779 ferociente
855 4707 923 4757 tuto
952 4691 1096 4757 mittitur
1120 4691 1284 4780 sanguis,
1315 4714 1360 4761 au
1392 4713 1469 4758 uero
1492 4687 1664 4777 fluendum
1685 4684 1769 4760 elabi

357 4788 689 4881 tempuspuroxysmi3
710 4791 826 4866 deinde
838 4782 898 4879 sub
912 4784 1011 4872 ,inem
1025 4791 1253 4885 purgandum.
1278 4787 1413 4895 Qualis
1432 4785 1615 4858 haemulus
1632 4804 1768 4882 torquet,

358 4885 397 4958 ‘l'
420 4905 535 4973 malm
553 4892 764 4998 ‘velantium
774 4887 822 4965 lb*
843 4910 969 4962 merore
985 4888 1026 4965 <b
1041 4889 1159 4962 damno
1176 4886 1346 4977 indefinita
1364 4886 1470 4961 adhuc
1487 4888 1657 5046 remanda.
1684 4879 1769 5046 {oni

529 5016 532 5023 '
790 5016 792 5019 ’
1571 5002 1624 5050 me
1648 5004 1686 5046 eu
1709 5004 1722 5043 s
