4534 5850
569 503 647 573 230·
842 462 1680 548 curtrrnioattonir

535 696 973 903 KATEIAOsXAI
996 724 1079 805 ansul
1100 728 1218 821 legitur
1240 728 1326 823 apud
1356 729 1586 823 Hippocratem
1613 722 1724 818 partic.
1760 742 1817 809 3²·
1844 718 1954 797 sedin}

661 854 690 916 3.
705 822 763 899 hb.
778 851 806 913 3·
827 825 917 920 Epid·
935 826 1040 912 Cujus
1057 829 1089 894 in
1105 833 1193 897 vocis
1199 829 1387 922 proprietate
1394 827 1535 894 multum
1558 815 1850 892 laboratGalenus.
1861 825 1949 895 Nam

1110 944 1289 1091 apostatem
1313 925 1494 1000 contendit,
1521 927 1555 991 &
1580 922 1604 987 st
1629 944 1734 992 vocem
1759 918 1953 1002 admiserit,

537 935 573 1005 &
590 930 759 1025 improprie
776 927 834 994 hac
853 917 948 992 usum
963 947 1039 993 voce
1057 928 1103 993 Hi

1160 1074 1167 1090 .
1195 1025 1266 1093 Nos
1276 1048 1339 1093 non
1363 1043 1431 1091 tam
1446 1024 1485 1091 dc
1499 1015 1596 1092 verbo
1605 1013 1835 1098 laborabimus,
1848 1044 1952 1114 quarn

536 1029 621 1107 male
634 1023 772 1098 aslivam
789 1047 848 1119 pro
861 1020 979 1120 passiva
989 950 1127 1120 usurpop

529 1147 576 1203 ¹ut
593 1125 714 1196 utilitas
731 1147 769 1194 ex
785 1126 828 1191 rei
843 1121 1048 1219 explicatione
1062 1117 1293 1216 consequatur.
1325 1126 1470 1191 Primum
1502 1121 1644 1190 Galenus
1676 1120 1813 1191 activam
1839 1145 1952 1193 vocem

415 1287 420 1299 ,
532 1229 632 1313 rejicit
659 1221 847 1298 muana,
871 1220 926 1289 etsi
951 1218 1163 1318 Hippoiratcs
1188 1244 1225 1290 ea
1254 1228 1304 1290 uti
1333 1221 1489 1298 voluerit,
1518 1227 1564 1288 ait
1589 1213 1764 1288 credibilius
1792 1217 1950 1315 paffivam

533 1318 694 1421 usurpasse
709 1312 921 1394 mensurnas.
947 1320 1018 1389 Nec
1034 1321 1113 1389 adeo
1127 1325 1275 1415 ignarum
1291 1321 1412 1413 lingua
1437 1322 1555 1389 Graecae
1565 1321 1794 1415 Hippocratem
1804 1317 1861 1388 elle
1871 1323 1950 1389 vult

465 1508 467 1510 v
533 1443 574 1493 ot
597 1423 735 1495 activam
751 1439 861 1489 vocem
886 1438 945 1512 pto
965 1417 1088 1583 palhva
1104 1414 1323 1518 supposuerit.
1342 1422 1448 1487 Miror
1465 1439 1570 1487 ramcn
1589 1418 1747 1487 Galenum
1762 1443 1824 1486 non
1841 1412 1952 1488 obser-

454 1544 462 1567 ι’
532 1519 615 1597 valle
632 1525 727 1588 etiam
738 1520 770 1585 in
784 1521 941 1607 germanis
976 1522 1100 1615 criptis,
1125 1537 1162 1587 ut
1187 1523 1222 1586 in
1241 1512 1480 1614 aphorismis&
1505 1518 1693 1613 Epidemiis‚
1717 1519 1949 1614 Hippocratem

529 1620 607 1693 alias
623 1610 834 1687 hloecnmum
850 1618 1064 1693 committere,
1088 1619 1164 1686 alias
1180 1615 1331 1713 paslivam
1342 1641 1451 1688 vocem
1462 1639 1520 1713 pro
1544 1617 1651 1689 activa
1671 1639 1748 1686 voce
1774 1612 1949 1714 usurpare,

528 1720 607 1789 alias
622 1717 712 1809 quod
729 1712 856 1784 effeetus
873 1718 1039 1810 proprium
1057 1714 1100 1783 cst
1118 1721 1202 1813 parti
1218 1710 1411 1794 attribuere,
1429 1721 1464 1786 δι
1475 1713 1601 1785 contra:
1616 1734 1654 1784 ut
1681 1710 1865 1812 aphorismo
1889 1739 1943 1799 37.

531 1811 590 1891 lib.
612 1835 643 1880 2.
665 1814 750 1909 Aph.
768 1806 872 1880 scribit
890 1809 917 1879 ti
937 1807 967 1875 ss
983 1807 1144 1889 decimor
1165 1797 1296 1890 intuere,
1321 1807 1559 1902 ‘apiarium
1582 1809 1726 1899 ipsine,
1759 1813 1814 1881 alii
1832 1809 1948 1901 r'pydlie

529 1908 724 1989 scribunt&
743 1912 873 1980 melius.
902 1912 1013 2001 ltaque
1033 1905 1222 1981 soloecismus
1237 1914 1431 1982 commissus.
1459 1908 1623 1980 Debuerat
1641 1914 1725 1979 enim
1743 1907 1832 1981 scribi
1852 1909 1940 1975 niro

533 2007 564 2079 ri
578 2007 609 2078 ui
621 2004 739 2084 adnare
757 2005 839 2077 :noa
855 2004 1093 2093 comninetur
1113 2007 1236 2096 ipydlre.
1261 2017 1301 2082 Et
1321 2014 1342 2079 si
1361 2013 1523 2100 legamus,
1549 2004 1672 2091 sparsior
1702 2003 1948 2089 romulos-sa

529 2109 744 2206 improprium
760 2107 822 2174 hoe
839 2105 899 2174 esi.
918 2109 959 2175 Et
983 2128 1013 2173 2.
1031 2109 1070 2177 de
1087 2103 1206 2178 morbis
1224 2112 1398 2180 mulierum
1412 2108 1526 2199 legitur
1545 2099 1659 2181 γυναικὶ
1678 2100 1860 2189 distentia,
1885 2127 1952 2221 pm

417 2209 422 2217 “
532 2199 690 2290 hidensi.
716 2209 755 2275 ln
769 2198 967 2303 Aphorismis
982 2198 1037 2273 lib.
1057 2232 1090 2292 4.
1111 2209 1235 2306 Aphor.
1270 2231 1322 2300 51.
1352 2197 1519 2280 &meinata
1537 2195 1669 2278 hviltsw
1685 2196 1752 2274 *tit
1770 2197 1814 2273 wis
1832 2224 1948 2274 mutas

531 2300 659 2384 udone,
683 2303 759 2373 dicit
774 2313 808 2373 in
826 2329 902 2375 vooe
915 2303 1056 2400 passm,
1082 2330 1141 2404 pro
1161 2299 1262 2371 ninia
1288 2355 1296 2374 .
1332 2305 1466 2397 Alioqui
1480 2327 1546 2370 non
1569 2298 1734 2368 cohaereret
1771 2291 1950 2394 aphorismi

529 2397 632 2472 sensus
645 2422 683 2469 ut
700 2404 763 2472 alio
779 2405 850 2472 loeo
866 2427 885 2474 a
902 2398 993 2472 nobis
1009 2402 1053 2473 cst
1060 2403 1327 2475 demonstratum.
1357 2407 1394 2472 ln
1410 2401 1608 2472 Prorrhetico
1622 2398 1732 2564 partic.
1756 2417 1809 2484 52.
1837 2389 1892 2464 lib.
1915 2419 1948 2467 2.

529 2495 661 2584 φάρυγγα
684 2499 822 2577 uindice
846 2503 942 2578 dicit,
991 2526 1047 2580 ro,
1070 2497 1220 2578 anhelo
1239 2499 1397 2580 pitydia.
1424 2501 1495 2568 Nec
1514 2503 1595 2567 enim
1656 2517 1727 2564 tices
1746 2488 1818 2565 sunt
1850 2491 1949 2563 stran-

528 2598 694 2687 gulantes,
718 2592 766 2660 sed
782 2605 902 2684 angina
917 2528 990 2688 ipss
998 2595 1041 2664 est
1064 2621 1138 2684 quae
1157 2595 1354 2684 strangulat.
1377 2600 1457 2686 Qso
1478 2590 1618 2663 insensu
1638 2597 1849 2689 Hippocrates
1872 2594 1948 2662 dicit

530 2687 613 2769 §osai
628 2689 815 2766 manaseas,
834 2692 915 2766 sive,
932 2684 1158 2764 unmahtim,
1176 2712 1236 2784 pro
1253 2684 1361 2776 φᾶρυγξ
1379 2684 1553 2771 rursusne,
1570 2696 1605 2760 dc
1624 2686 1828 2771 aarahdpsooc
1837 2737 1848 2770 ,
1865 2712 1944 2772 aut,

530 2778 681 2870 myrapia
698 2780 913 2860 insonuisse.
942 2779 1103 2854 Attribuit
1122 2789 1210 2865 voci,
1234 2789 1325 2882 quod
1351 2793 1435 2882 parti
1449 2783 1581 2859 attribui
1605 2783 1715 2860 debet.
1752 2793 1864 2883 ltaque
1880 2795 1947 2862 Ga-

528 2882 619 2953 lenus
635 2884 666 2948 in
682 2874 810 2954 duobus
827 2884 906 2953 mihi
920 2904 1022 2958 errare
1039 2885 1164 2956 videtur
1186 2881 1282 2985 (pace
1300 2890 1381 2958 tanti
1398 2890 1456 2960 viri
1473 2889 1595 2960 diram.
1612 2889 1624 2974 )
1648 2889 1697 2960 Ac
1717 2896 1858 2987 primum
1873 2894 1948 2985 qui·

528 2982 602 3052 dem
618 2981 710 3073 quod
727 3000 841 3074 arguat
861 2986 1112 3081 Hippocratem,
1136 3004 1195 3055 aut
1210 2980 1319 3057 saltem
1342 2989 1443 3081 fingat
1467 2990 1548 3058 male
1576 2992 1806 3086 Hippocratem
1834 3013 1947 3061 vocem

529 3081 667 3154 atinam
685 3104 744 3177 pto
761 3080 879 3178 passiva
895 3077 1044 3181 posuisse.
1070 3085 1147 3153 Hoc
1162 3089 1247 3156 enim
1263 3089 1454 3183 Hippocrati
1476 3085 1633 3178 contigisse
1650 3088 1820 3156 docuimus
1845 3109 1943 3160 mite.

528 3183 653 3262 Etenim
678 3180 768 3253 licuit
785 3184 975 3279 Hippocrati
997 3189 1095 3253 etiam
1118 3183 1195 3253 data
1215 3207 1331 3281 opera,
1355 3202 1394 3253 ut
1417 3177 1693 3260 summoautiori,
1718 3189 1753 3252 &
1776 3187 1949 3278 primoar.

528 3282 568 3350 tis
584 3279 850 3354 Melicae-cultori
872 3285 1093 3380 &improprie
1110 3282 1286 3376 aliquando
1310 3283 1421 3377 loqui,
1445 3284 1479 3348 δι
1505 3274 1691 3350 soloecismos
1706 3287 1909 3355 committere
1937 3339 1947 3359 .

529 3378 712 3472 Qodnoo
728 3397 796 3450 tam
810 3384 997 3473 ignorantia
1014 3396 1073 3452 aut
1090 3384 1220 3452 incuriae
1235 3374 1337 3452 tribui
1350 3376 1463 3458 debet,
1494 3403 1590 3474 quam
1625 3385 1692 3467 ejus
1717 3376 1907 3452 astitoritati
1937 3438 1949 3457 .

530 3476 743 3552 Voluitenim
762 3479 860 3552 videri
874 3480 1045 3575 aliquando
1059 3502 1176 3577 parum
1189 3482 1229 3550 cle
1247 3476 1349 3555 verbis
1360 3473 1523 3557 laborare,
1547 3477 1755 3549 rescuriosrus
1773 3471 1946 3575 persequi.

531 3578 637 3645 Immo
651 3573 701 3644 isti
718 3599 835 3649 errores
852 3578 897 3662 (st
914 3580 1014 3649 modo
1034 3600 1152 3648 errores
1172 3580 1295 3649 dicendi
1316 3572 1406 3666 sunt)
1429 3578 1551 3672 aliquid
1582 3570 1737 3674 priscum,
1770 3581 1805 3646 &
1830 3582 1949 3653 aucto.

530 3676 624 3742 ritate
646 3674 778 3769 plenum
798 3669 933 3745 habent.
960 3678 1140 3768 Qomodo
1164 3680 1261 3747 Maro
1280 3679 1450 3747 Poetarum
1475 3676 1587 3770 regida
1607 3670 1684 3773 saepe
1706 3677 1857 3747 dimidios
1873 3705 1945 3753 ver-

512 3764 580 3868 ¹sus
592 3766 789 3866 composuit,
813 3768 892 3871 saepe
909 3770 1042 3866 syllabas
1066 3768 1177 3844 breves
1199 3799 1259 3873 pro
1283 3776 1386 3869 longis
1410 3768 1593 3872 supposuit,
1617 3768 1695 3871 saepe
1727 3776 1848 3847 vocales
1878 3806 1943 3850 non

528 3869 624 3940 elisit.
650 3871 754 3965 Qud
778 3874 853 3944 artis
877 3874 1006 3944 Poeticae
1029 3875 1209 3967 ignorantia
1241 3872 1363 3945 satiem
1394 3898 1489 3944 nemo
1523 3868 1628 3943 bonus
1661 3872 1765 3944 dicat.
1798 3878 1943 3949 Secundo

528 3970 627 4044 modo
651 3969 789 4046 Galenus
811 3965 916 4070 lapsus
929 3974 1057 4044 videtur
1072 3978 1131 4067 qui
1146 3998 1257 4044 uocem
1273 3974 1362 4044 illam
1381 3978 1416 4045 δι
1437 3973 1594 4051 activam.
1618 3977 1653 4041 &
1678 3969 1844 4069 pashvam,
1868 4000 1944 4043 m.

529 4061 646 4144 «sica,
664 4071 794 4155 rejiciatc
819 4072 909 4163 quod
927 4095 1020 4140 remo
1040 4072 1171 4153 dixerit,
1196 4097 1306 4144 vocem
1330 4068 1520 4170 impulsam,
1544 4066 1721 4151 intrusam,
1741 4092 1939 4156 contortam,

527 4160 606 4232 iilud
622 4180 727 4238 tamen
744 4159 849 4259 ipsum
867 4165 1016 4259 estquod
1043 4193 1106 4238 nox
1134 4165 1341 4253 mmaiptipn
1375 4170 1546 4262 fignificat.
1574 4171 1650 4254 Jam
1674 4192 1780 4244 autem
1802 4172 1941 4246 dumus

527 4260 654 4355 proprie
669 4260 800 4351 quidem
814 4257 841 4324 ri
859 4257 1061 4337 ararim
1086 4268 1158 4334 voci
1176 4289 1243 4333 non
1259 4261 1380 4339 tribui.
1406 4261 1457 4336 sed
1477 4270 1583 4365 potius
1603 4263 1812 4341 instrumento
1825 4295 1940 4373 nempe

525 4355 663 4437 arteria,
688 4372 745 4428 aut
768 4357 909 4451 laryngi.
936 4360 1038 4451 Qod
1054 4363 1154 4430 miror
1167 4361 1328 4432 Galerium
1345 4388 1411 4443 non
1419 4363 1523 4460 legisse
1540 4368 1629 4467 apud
1645 4374 1876 4468 Hippocratem
1899 4392 1938 4442 ut

526 4475 585 4538 nos
599 4454 657 4551 ipsi
671 4455 805 4549 legimus
821 4457 1093 4551 quemadmodum
1105 4460 1216 4558 paullo
1230 4459 1301 4560 post
1317 4466 1506 4560 aperiemus.
1532 4468 1652 4566 Scopus
1676 4472 1880 4567 Hippocratis
1893 4469 1938 4542 cst

524 4552 735 4628 demortuae
749 4557 858 4650 qualia
875 4561 1085 4652 contingerint
1101 4561 1136 4631 in
1149 4558 1370 4636 constitutione
1386 4565 1509 4645 calida,
1528 4567 1661 4637 humida
1688 4563 1851 4664 mitisque
1868 4572 1946 4670 pla·*

524 4653 594 4729 cida
604 4702 619 4726 ..
638 4654 748 4751 Caput
762 4652 952 4729 humoribus
969 4653 1071 4731 fetum
1083 4660 1278 4761 plttsumque
1302 4661 1462 4735 redditum
1478 4662 1539 4735 est.
1566 4669 1651 4736 Hinc
1667 4688 1876 4760 comarum,
1899 4674 1935 4738 &

525 4751 745 4834 catarrhorum
766 4762 801 4826 in
815 4753 918 4828 fauces
941 4763 975 4828 δι
991 4759 1159 4855 pulmones
1173 4759 1261 4831 ilias.
1279 4760 1423 4838 Maxime
1440 4782 1546 4835 autem
1562 4787 1676 4836 corum
1699 4771 1768 4838 vim
1791 4789 1936 4867 pcrotpc·

523 4868 608 4922 runt·
619 4854 757 4945 quiiam
772 4856 813 4926 ad
829 4849 934 4928 tabem
951 4859 1192 4954 propensitatem
1206 4862 1393 4932 nonnullam
1412 4857 1591 4932 habebant.
1618 4868 1730 4959 ltaque
1754 4864 1854 4938 serina
1880 4868 1934 4935 cle-

523 4946 649 5024 stillatio
666 4947 920 5048 huccsssinigans
937 4955 1010 5025 laesit
1027 4955 1250 5038 instrumenta,
1274 4963 1309 5030 δι
1327 4962 1447 5030 tametfi
1465 4961 1597 5036 humida
1614 4964 1684 5035 essct
1706 4991 1771 5037 non
1790 4987 1936 5038 tamrau-

1838 5083 1890 5135 (ὃς
