4534 5850
537 454 1476 549 rrrrnrnrnrnumfrrn.
1528 472 1556 540 1.
1663 499 1702 568 n

329 615 453 684 mltos
475 616 556 685 trica
572 620 771 712 vulgataque
789 617 943 687 medendi
961 617 1038 694 via,
1078 639 1118 685 cc
1135 618 1308 710 prasertim
1326 622 1362 689 in
1383 623 1558 714 pleuritide
1584 621 1754 716 perdidit?

332 715 427 786 Nam
442 715 557 785 audito
572 721 672 788 lateris
690 716 808 786 doloris
823 719 972 793 nomine,
997 716 1019 783 fi
1034 717 1108 809 quis
1125 716 1216 786 aliud
1234 738 1346 817 praeter
1361 743 1448 792 vena:
1463 716 1631 792 sessionem
1657 745 1756 793 reme-

334 813 433 883 dium
451 833 565 890 tentet,
588 810 729 892 αἱάθιμα
743 823 769 899 >a
782 809 898 881 rirrueia
922 809 991 886 ἲςω.
1016 816 1143 893 Immo,
1167 819 1259 909 quod
1282 821 1416 914 pertinet
1434 820 1474 888 ad
1490 819 1615 889 dolores
1630 822 1753 899 lateris,

335 912 450 982 nullus
472 913 565 982 hodie
589 938 656 981 non
681 914 828 983 Medicus
852 910 914 981 est.
941 914 1156 1009 Qamquam
1184 916 1235 984 liic
1268 918 1448 986 multorum
1480 921 1685 997 earnificina,
1719 927 1755 990 &

336 1005 510 1081 frustrante
534 1005 695 1105 sanguinis
711 1014 764 1095 (in
783 1035 854 1105 quo
869 1013 935 1082 vita
952 1005 1052 1096 sedet)
1067 1011 1214 1093 muciio,
1238 1007 1473 1112 spirituumque
1487 1024 1753 1088 evacuatioeom-

336 1111 498 1189 mittitur,
521 1133 639 1203 magno
663 1114 738 1181 artis
747 1113 926 1207 vituperio,
951 1127 989 1177 ut
1011 1113 1107 1178 etiam
1123 1112 1183 1182 hac
1195 1136 1262 1183 una
1270 1110 1414 1184 medendi
1423 1114 1596 1211 pleuriticIs
1604 1111 1755 1208 viabaju-

338 1205 381 1283 li,
405 1211 580 1286 carnifices,
605 1203 726 1278 sutores
742 1232 779 1278 ac
802 1202 946 1277 universa
958 1208 1134 1278 mulierum
1159 1213 1331 1304 garrulitas
1355 1214 1561 1282 Medicorum
1586 1209 1755 1284 celebrium

337 1305 497 1375 brdustriae
513 1302 673 1404 obstrepat
689 1331 725 1376 ac
748 1300 806 1375 sese
829 1326 991 1404 opponat.
1018 1311 1146 1385 Immo,
1171 1311 1193 1377 fi
1218 1314 1291 1404 quis
1315 1312 1354 1380 de
1379 1312 1475 1382 latere
1490 1319 1658 1408 queritur,
1674 1336 1758 1407 quo-

338 1427 478 1500 cumque
501 1407 535 1474 id
562 1406 661 1474 modo
684 1408 757 1483 fiat,
782 1428 821 1474 ne
844 1406 982 1474 articulo
1005 1406 1127 1475 horulae
1150 1406 1272 1491 differre
1296 1406 1341 1478 sas
1365 1411 1414 1479 su.
1440 1413 1486 1480 At
1501 1436 1565 1480 non
1585 1415 1676 1482 novit
1695 1418 1758 1479 im·

341 1505 477 1600 prudens
502 1506 638 1583 mulier,
663 1510 698 1575 dc
722 1504 888 1602 impudens
913 1498 1163 1586 barbi-tonsor,
1190 1508 1635 1603 nugigerulaquemediastina
1643 1511 1758 1578 mulier

340 1598 451 1674 multis
466 1627 504 1672 ex
521 1604 619 1672 causrs
631 1605 756 1674 dolores
779 1605 916 1673 laterum
930 1605 1028 1680 oriri,
1051 1607 1084 1671 in
1109 1599 1230 1698 quibus
1254 1626 1292 1675 ut
1306 1608 1480 1702 aliquando
1496 1632 1610 1681 venam
1635 1633 1702 1676 non
1713 1602 1758 1677 se-

340 1723 410 1771 care
436 1699 589 1772 nefastum
615 1702 686 1782 est,
710 1708 755 1772 ita
779 1703 923 1771 eamdem
947 1704 1066 1798 aperire
1100 1705 1258 1782 crudele,
1289 1710 1455 1801 impium,
1500 1728 1536 1774 ac
1568 1711 1757 1799 ignorantia:

341 1846 362 1878 „
388 1801 523 1897 plenum
546 1802 604 1868 site
629 1803 743 1878 Nam,
767 1800 870 1869 Nulla
895 1797 940 1867 est
963 1794 1055 1868 causa
1080 1818 1148 1868 tam
1174 1803 1280 1878 exilis,
1311 1823 1443 1896 tamque
1471 1826 1586 1900 parum
1615 1803 1724 1872 efficax
1750 1849 1761 1882 ,

341 1944 366 1976 „
390 1922 466 1990 quae
492 1922 556 1965 non
580 1897 726 1965 dolorem
750 1903 783 1964 in
807 1898 902 1967 latere
926 1901 1053 1965 exciter.
1082 1898 1131 1966 Ac
1155 1923 1327 1992 aequumne
1350 1899 1394 1970 est
1417 1921 1582 1996 tamquam
1609 1896 1702 1971 causa
1710 1925 1763 1972 ea·

341 1996 417 2064 dem
442 1995 496 2072 sit,
533 2019 568 2065 ac
593 1997 679 2064 idem
704 1997 842 2073 malum,
867 1996 1042 2066 remedium
1064 1996 1151 2067 idern
1176 1993 1346 2096 usurpare,
1371 2004 1407 2070 dc
1430 1995 1582 2072 omnibus
1606 2002 1757 2072 eumdem

343 2095 543 2163 cothurnum
569 2090 761 2164 attribuere?

390 2188 596 2287 Consequens
618 2191 680 2270 est,
706 2213 753 2263 ut·
767 2217 949 2288 queramus
972 2217 1050 2264 num
1076 2217 1183 2289 quum
1208 2190 1328 2267 secandi
1353 2222 1467 2270 uenam
1493 2201 1615 2267 occasro
1639 2197 1701 2276 est,
1725 2202 1760 2266 &

343 2291 536 2388 phlegmone
559 2291 720 2385 dolorque
744 2312 857 2384 urget,
882 2312 957 2361 turo
981 2296 1014 2359 in
1038 2294 1089 2359 dic
1113 2315 1226 2385 quater
1250 2318 1332 2365 vena
1362 2292 1453 2365 secari
1478 2291 1612 2372 debeat,
1637 2301 1671 2367 δι
1703 2319 1762 2392 po

342 2394 409 2461 tius
432 2391 466 2458 id
490 2393 563 2468 fiat,
589 2413 691 2483 quam
714 2413 751 2458 ex
840 2410 894 2459 tur
917 2390 999 2484 quid
1023 2383 1154 2482 sequens
1177 2394 1241 2459 dies
1264 2393 1377 2462 vehat.
1404 2395 1494 2462 Nam
1512 2417 1618 2486 quum
1651 2393 1763 2490 phleg-

345 2512 442 2559 mone
461 2496 495 2556 in
511 2490 684 2586 pleuriticis
699 2512 741 2557 na
755 2493 854 2569 citur,
878 2489 1037 2582 dolorque
1061 2486 1146 2557 adest
1169 2512 1323 2582 magnus,
1347 2494 1435 2559 omni
1459 2497 1581 2560 ratione
1590 2492 1766 2590 impedien-

346 2588 386 2657 da
411 2586 455 2657 est
479 2587 667 2684 phlegmone
690 2590 903 2658 incremento.
930 2589 984 2657 An
1009 2609 1084 2658 vero
1097 2582 1277 2683 praesentius
1302 2591 1477 2659 remedium
1487 2592 1541 2672 srr,
1565 2613 1666 2686 quam
1674 2590 1762 2660 iden-

347 2688 444 2759 tidem
462 2683 545 2757 lesia
570 2683 811 2783 phlebotomia?

341 2853 345 2859 ,
399 2787 611 2856 Verisnnilene
625 2786 670 2857 est
694 2787 775 2856 illud
798 2789 888 2883 quod
915 2782 1020 2859 scribit
1034 2786 1194 2865 Galenus,
1218 2779 1384 2859 sessionem
1407 2796 1598 2860 arteriarum
1621 2790 1764 2858 inmanu

347 2886 494 2955 dolorem
513 2886 641 2965 lateris,
668 2889 702 2956 δι
726 2891 787 2980 qui
811 2891 926 2956 circum
949 2896 1033 2976 jecur
1047 2906 1113 2957 erat
1140 2878 1276 2965 solvisse,
1301 2890 1391 2983 quod
1455 2913 1471 2957 r
1496 2909 1646 2983 magnam
1656 2889 1765 2959 revul-

350 2986 469 3054 lionem
485 2985 517 3053 id
532 2981 654 3056 situm
678 2982 790 3055 fuerit?
817 2988 869 3053 An
898 2999 1050 3058 venarum
1085 2980 1166 3053 infra
1196 2981 1367 3076 gibberum
1414 2988 1497 3058 estio
1529 2992 1564 3055 in
1597 2988 1766 3084 pleuritidc

348 3080 490 3154 conserre
504 3083 622 3181 potell?
648 3087 739 3153 Forte
763 3085 913 3155 attrafflo
929 3085 986 3155 ista
1005 3087 1130 3179 longa,
1165 3089 1199 3154 δι
1225 3078 1332 3153 stnsrm
1358 3082 1442 3153 fasta
1473 3105 1620 3155 exonerat
1644 3083 1766 3153 facilius

350 3204 487 3281 partem,
512 3207 610 3277 quam
626 3207 767 3279 quume
793 3188 1019 3282 propinquiore
1035 3203 1123 3281 parte
1149 3184 1265 3251 affatim
1287 3183 1478 3252 attrahitur.
1513 3185 1604 3253 Nam
1639 3182 1719 3252 dum
1752 3201 1777 3248 e

349 3288 537 3380 propinqua
549 3304 636 3379 parte
661 3285 790 3352 ducitur
813 3279 939 3375 sanguis
964 3290 998 3352 &
1022 3281 1205 3360 confertim,
1229 3285 1307 3373 quia
1339 3306 1377 3351 ex
1411 3282 1480 3351 aliis
1510 3280 1586 3350 locis
1619 3278 1771 3349 attraslio

350 3380 387 3451 fit
406 3381 567 3460 violenta,
593 3382 766 3451 verendum
789 3380 851 3454 est,
876 3402 916 3446 ne
939 3375 1106 3447 concursus
1131 3376 1187 3443 rue
1212 3372 1372 3467 sanguinis
1396 3373 1620 3472 &spirituum
1641 3396 1771 3445 noceat.

350 3477 414 3548 Sed
440 3499 548 3567 quum
574 3478 673 3544 veluti
697 3482 864 3541 materiam
888 3474 1089 3557 conjunGiam
1114 3472 1258 3538 dolorem
1280 3492 1339 3540 aut
1364 3466 1513 3538 abscelsui
1544 3474 1666 3565 aliquid
1689 3474 1772 3539 srmi-

350 3577 383 3644 le
407 3570 571 3645 fouentem
594 3574 775 3649 educimus,
798 3564 908 3638 sensim
932 3570 1131 3647 revellendo,
1157 3573 1319 3639 tutior&
1343 3568 1540 3641 verisimilior
1564 3570 1689 3640 videtur
1717 3568 1775 3639 esse

351 3673 503 3744 edudcio.
517 3747 523 3752 .
536 3673 631 3740 Unde
657 3671 801 3741 videmus
824 3663 929 3739 sustas
954 3694 1107 3739 mammas
1132 3666 1303 3737 mulierum
1328 3692 1348 3738 a
1371 3663 1547 3759 majoribus
1576 3690 1657 3740 natu
1689 3666 1776 3741 facile

352 3765 487 3843 arescere
504 3794 538 3839 ac
557 3774 689 3845 inaniri,
713 3771 804 3861 quod
819 3768 971 3839 atrradtio
986 3770 1152 3839 violentior
1167 3766 1222 3835 sit:
1247 3770 1306 3839 Sed
1330 3768 1431 3867 puelli
1455 3772 1552 3837 etiam
1570 3792 1674 3839 recens
1700 3776 1768 3838 nati
1795 3784 1938 3844 sessim.

353 3871 436 3941 dum
460 3871 593 3939 minimo
612 3887 733 3939 conatu
751 3889 849 3961 atque
873 3863 1045 3938 lambendo
1069 3887 1199 3939 tantum
1215 3868 1340 3938 elicium
1353 3861 1541 3962 suguntque
1561 3868 1685 3961 aliquid
1693 3892 1770 3936 con·
1797 3873 1936 3924 terrarum

354 3965 511 4042 sturione
533 3971 672 4062 quadam
688 3989 726 4035 cx
739 3964 909 4063 profundis
930 3990 1083 4039 venarum
1104 3967 1210 4037 elicere
1239 3968 1389 4038 videntur
1415 4016 1423 4032 .
1449 3966 1509 4034 sed
1533 3987 1640 4058 quum
1664 3960 1772 4033 subtus
1796 3953 1826 4006 '⁸⁸
1847 3964 1935 4005 Μ’

355 4067 572 4162 attrasiioque
585 4068 629 4138 est
645 4072 825 4164 potentior,
848 4069 1048 4135 interciditur
1066 4060 1244 4134 consecutio
1267 4060 1335 4162 ipsa
1352 4068 1388 4133 δι
1413 4083 1583 4156 tamquam
1602 4070 1637 4130 in
1662 4063 1775 4135 chorea
1797 4032 1915 4172 1⁴:1sz

356 4168 534 4264 complexio
556 4191 592 4236 ac
615 4169 848 4260 contingentia.
876 4170 914 4233 ln
937 4168 1004 4235 lilio
1030 4169 1073 4234 D.
1098 4164 1207 4239 Noel,
1242 4164 1331 4257 quod
1374 4163 1541 4232 commode
1573 4165 1606 4230 in
1638 4156 1772 4255 gibbero
1792 4196 1921 4271 sam-5,

356 4264 444 4337 feriri
460 4291 538 4337 vena
552 4271 717 4361 nequiret,
741 4266 781 4334 ad
807 4265 957 4361 pleuritin
983 4260 1062 4336 leste
1077 4264 1120 4335 est
1136 4285 1218 4336 vena
1233 4266 1314 4331 inter
1331 4284 1463 4359 carpum
1497 4267 1531 4330 δε
1565 4254 1772 4353 gibberum.

358 4369 402 4437 Er
422 4367 454 4435 id
472 4367 564 4439 valde
582 4363 738 4462 profecisse
777 4386 950 4464 putamus,
982 4386 1087 4458 quum
1111 4355 1155 4431 ab
1179 4382 1217 4429 eo
1234 4382 1375 4459 tempore
1393 4361 1485 4432 dolor
1506 4362 1690 4452 quieverit.
1727 4362 1781 4429 An

358 4465 446 4536 idem
473 4462 622 4536 saclitare-
642 4468 834 4561 poterimus?

407 4564 563 4658 Chirurgi
579 4567 671 4634 uxori
692 4562 780 4639 tuliis
795 4563 949 4636 valida&
972 4564 1127 4630 diuturna
1142 4552 1366 4652 expediorabat
1388 4578 1426 4625 ex
1439 4552 1519 4623 facili
1542 4604 1549 4620 .
1576 4557 1666 4624 Tum
1682 4552 1771 4623 tuliis

357 4660 541 4739 srceasuit,
558 4659 748 4736 uerebantur
764 4687 803 4733 ne
827 4658 1036 4758 suppreliione
1059 4663 1199 4726 materie
1222 4656 1345 4749 aliquid
1376 4656 1511 4724 alienius
1545 4660 1742 4746 contingeret
1767 4699 1776 4716 .

359 4760 531 4837 Tandem,
554 4784 589 4831 ac
603 4757 677 4833 srab
688 4757 770 4834 albis
794 4759 1029 4836 molestaretur,
1053 4759 1138 4824 finus
1162 4754 1292 4851 pudoris
1315 4776 1401 4846 aqua
1420 4752 1544 4825 mad‘t‘
1569 4757 1603 4820 ἃ
1620 4744 1778 4817 transm*
1810 4823 1900 4888 fig„

358 4870 449 4938 titur
466 4883 502 4928 ca
519 4869 688 4932 materiae
721 4852 930 4959 pulmonibus
954 4853 994 4930 ad
1020 4854 1192 4954 pudenda.
1220 4855 1273 4922 An
1297 4851 1357 4921 hoe
1386 4848 1577 4921 verisimiles
1608 4850 1656 4958 lta
1672 4841 1776 4913 sane:
1842 4920 1869 4961 n
1894 4913 1933 4961 η

359 4986 441 5056 nam
456 4965 492 5031 δι
518 4958 577 5029 boc
587 4963 742 5058 Hippoct.
760 4955 939 5031 oberravit
956 4966 992 5029 in
1009 4957 1198 5053 Epidernlis.
1227 4950 1327 5021 Multi
1352 4944 1582 5025 infestabantur
1609 4930 1781 5045 aridaeus
1802 4921 1839 4996 ss
1871 4946 1879 4964 ·
1922 4948 1945 4978 ‹·

467 5061 613 5134 Ballonii
636 5065 734 5156 Opcr.
760 5060 926 5137 Tmusl.
1315 5051 1350 5126 1)
1405 5069 1419 5132 3
1622 5032 1665 5102 si,
1690 5034 1735 5099 nil
