4534 5850
560 470 1504 561 rrrrnrurnrnuu,r1n
1556 487 1584 553 1.
1688 493 1735 572 r,

344 632 454 717 citur,
478 653 536 732 aut
649 639 679 709 irl
704 639 819 717 simile,
845 636 935 731 quod
960 625 1117 735 spiritus,¹
1132 642 1167 708 δι
1202 633 1386 733 sanguinem
1410 643 1542 734 ignavos
1573 637 1774 721 exsuscitet,
1844 644 1848 649 ’

348 756 515 820 attenuet,
529 743 575 810 ·&
610 741 778 816 uffundat,
803 752 874 807 tuln
899 737 1031 805 demum
1055 737 1208 806 coloratio
1231 743 1369 836 corporis
1394 757 1545 837 apparet.
1572 743 1647 810 Hoc
1663 761 1773 811 autem

349 838 390 905 fit
417 863 473 934 per
494 834 665 933 quamdam
684 833 857 917 ἐγκύμοσιν.
874 835 1249 929 Qraevoxnotandaest.
1279 836 1784 917 Aliudenimestr'yxritouousm,

352 940 390 1005 dt
406 931 651 1013 iuurlcorcom'm'.
677 931 934 1011 ixximeenim
954 934 1136 1028 egressume
1159 940 1294 1033 propriis
1317 938 1542 1032 conceptaculis
1557 939 1777 1028 significamur

350 1037 389 1102 lit
404 1037 436 1101 in
461 1027 730 1128 saginationibus,
756 1039 790 1102 dc
814 1025 1070 1110 contusionibus,
1095 1030 1263 1110 s'rltiuorr
1279 1060 1344 1104 non
1360 1034 1450 1105 itum
1467 1035 1664 1127 egreffiontm
1681 1037 1775 1128 signi-

349 1133 424 1202 ficat
449 1179 460 1210 ,
485 1129 536 1202 scd
560 1135 760 1204 diffusionem
784 1132 961 1200 humorum
983 1133 1152 1226 significat.
1184 1134 1235 1202 Ut
1251 1129 1773 1228 quominietcrosuffunditurbi-

349 1231 405 1311 lis,
428 1227 597 1310 e’yltiruwe
612 1234 672 1302 est:
699 1235 760 1300 hot
785 1232 969 1300 autemloco
979 1235 1192 1328 Hippocrates
1216 1233 1296 1302 dum
1320 1236 1443 1330 corpori
1469 1237 1605 1302 nitorem
1630 1234 1773 1301 concilia-

349 1352 383 1398 re
397 1332 488 1407 vult,
513 1355 631 1400 nomen
657 1325 825 1407 aalma
841 1325 994 1427 usurpat,
1019 1356 1085 1398 non
1111 1354 1172 1428 pro
1188 1324 1278 1410 bilis,
1303 1354 1361 1401 aut
1389 1335 1472 1401 alius
1497 1333 1643 1401 humoris
1674 1333 1772 1399 diffu-

349 1428 433 1497 fione
456 1450 568 1498 contra
594 1448 766 1508 naturam,
791 1424 842 1524 sed
869 1453 930 1526 pro
952 1430 1091 1498 naturali
1116 1429 1245 1507 caloris,
1271 1424 1461 1527 spirituum,
1486 1436 1521 1499 dt
1538 1425 1773 1526 sanguirisper-

348 1523 488 1607 sufione,
512 1551 586 1622 quae
611 1533 754 1627 primum
771 1531 896 1626 corpori
922 1531 1059 1596 nitorem
1074 1525 1226 1596 restituit.
1263 1529 1316 1598 Ut
1339 1555 1446 1625 quum
1472 1553 1492 1598 a
1518 1523 1641 1597 somnio
1666 1521 1775 1596 desur-

348 1630 473 1719 ga'mus,
499 1649 605 1720 eoque
629 1630 773 1721 longiore
798 1627 845 1695 usi
861 1621 989 1705 sumus,
1007 1628 1184 1705 decolores,
1202 1627 1391 1793 pellipp'que,
1415 1636 1451 1702 δι
1479 1629 1565 1700 velut
1580 1626 1703 1696 decodti
1720 1650 1776 1723 ap

349 1747 523 1821 paremus,
545 1750 654 1820 quum
678 1748 759 1798 vero
779 1743 840 1800 aur
858 1746 974 1821 corpus
990 1735 1168 1804 mouimus,
1193 1750 1269 1796 excu
1296 1750 1395 1806 rmus,
1420 1736 1454 1798 δι
1471 1729 1687 1804 exercuimus,
1706 1744 1778 1795 tum
1878 1748 1885 1758 ·

350 1821 452 1895 veluti
477 1819 594 1893 abacta
611 1826 760 1917 caligine,
783 1828 819 1890 δι
843 1832 984 1931 corpopis
1009 1819 1095 1891 nube
1096 1829 1226 1989 dprimo
1251 1827 1367 1902 nitori,
1391 1831 1427 1897 de
1457 1825 1610 1893 viriditati
1646 1822 1781 1893 restitui-

350 1942 445 1989 mur.
473 1925 514 1990 Et
539 1927 573 1989 in
598 1922 659 1992 hoc
685 1925 735 1991 vis
768 1920 1095 1996 ricr’rrvnmoceluc
1125 1925 1185 1999 cit,
1209 1927 1246 1991 δι
1269 1926 1380 1993 nutet.
1407 1927 1456 1994 Sic
1483 1923 1504 1990 li
1528 1922 1652 1992 diffusio
1676 1925 1714 1991 fit
1739 1922 1778 1990 il-

348 2017 457 2087 lustris
474 2013 618 2116 spiritus,
644 2014 821 2112 unguinis,
846 2023 882 2086 δι
896 2018 1007 2086 caloris
1020 2020 1179 2089 affluentis
1193 2027 1368 2119 temperati,
1392 2023 1562 2100 balituofi,
1586 2017 1775 2096 &audura

350 2135 423 2186 tum
441 2121 521 2187 nitet
539 2115 645 2187 facies:
671 2119 716 2186 lin
734 2117 819 2186 caior
834 2115 1037 2186 diffundatur
1060 2142 1151 2198 acer,
1175 2122 1327 2200 mordax,
1359 2123 1473 2198 siccus,
1506 2115 1690 2215 squalidus,
1724 2142 1779 2187 nc-

347 2207 501 2292 bulosru,
525 2240 563 2285 ac
584 2211 769 2310 caliginosus
787 2210 932 2311 spiritus,
957 2211 1146 2311 &sanguim
1170 2221 1294 2317 deperit
1304 2217 1478 2298 flostulus,
1502 2224 1536 2289 δι
1549 2223 1636 2287 nitor
1650 2218 1777 2293 vultus,

347 2308 516 2408 totiusque
540 2320 680 2412 oorporis
703 2315 864 2381 decutitur
890 2313 1054 2385 viriditas.
1081 2321 1122 2385 Et
1136 2336 1214 2386 tunc
1238 2344 1307 2387 non
1329 2339 1457 2414 oportet
1471 2336 1601 2385 tantum
1626 2316 1779 2406 intellige·

347 2435 383 2482 re
401 2413 441 2481 de
466 2410 645 2484 humorum
670 2415 704 2481 in
730 2413 811 2482 vasis
835 2428 1060 2481 contentorum
1080 2410 1282 2511 dispersione,
1309 2411 1358 2483 sed
1384 2420 1424 2485 de
1453 2417 1555 2484 calore
1574 2433 1722 2483 contento
1745 2416 1778 2480 in
1852 2487 1855 2490 Α

347 2512 462 2591 eorde,
490 2518 525 2581 dc
550 2505 711 2610 spiritibus
725 2513 786 2605 qui
800 2503 842 2579 ab
868 2512 1001 2578 infinitis
1017 2507 1209 2582 humoribus
1232 2519 1490 2593 excrementitiis,
1510 2515 1568 2606 qui
1596 2520 1779 2608 incorpore
1883 2536 1892 2555 ·

348 2614 567 2690 eontinentur,
583 2614 785 2680 inficiuntur.
803 2609 975 2702 Namquis
989 2604 1133 2687 dubitat,
1148 2613 1240 2704 quin
1256 2612 1279 2678 fi
1297 2615 1329 2679 in
1338 2609 1520 2682 mesenterio
1527 2658 1538 2691 ,
1563 2613 1597 2678 in
1618 2611 1718 2687 struis,
1743 2615 1780 2680 dc

349 2703 458 2803 gibbis
476 2711 618 2808 hepatis,
633 2714 665 2782 in
682 2710 771 2779 lienis
836 2733 881 2776 nu
906 2709 1056 2779 colluvies
1074 2703 1167 2779 scatet
1180 2733 1356 2808 pravorum
1381 2714 1555 2783 humorum
1580 2757 1593 2788 ,
1624 2714 1659 2779 dt
1670 2716 1733 2797 jam
1757 2732 1782 2778 a

357 2827 476 2878 natura
496 2811 707 2902 egressorum,
732 2831 752 2876 a
779 2732 911 2904 spiritu,
935 2812 968 2876 &
987 2831 1104 2905 sapore
1134 2811 1338 2890 illincclato‚
1363 2837 1427 2880 non
1444 2803 1780 2882 afficiaturmallasan-

353 2908 487 2999 guinis,
500 2908 617 2977 deinde
624 2908 736 2977 coloris
749 2912 893 3003 corporis
907 2905 1029 2975 amiffio
1040 2911 1114 2987 fiat,
1126 2930 1246 3007 utpote
1262 2903 1376 2980 babitu
1403 2905 1784 3009 ipsiussoeditatemistius

353 3025 392 3076 va
417 3008 482 3074 oris
497 3001 752 3105 persentisoentei
772 3004 1000 3098 Sin-moderati
1015 3007 1077 3075 srnr
1094 3008 1243 3077 humores
1265 3014 1507 3088 excrementitii,
1530 3029 1588 3079 aut
1612 3011 1671 3102 qui
1693 3028 1781 3077 extra

352 3031 424 3176 raia
444 3109 476 3173 in
493 3101 587 3177 usum
607 3126 729 3179 naturae
743 3102 954 3183 asservantur,
976 3124 1017 3173 ut
1037 3100 1067 3168 ri
1088 3100 1237 3184 ΝΜ,
1261 3112 1334 3201 quis
1358 3101 1504 3185 dubitat,
1529 3110 1611 3201 quin
1635 3099 1778 3197 benigni-

348 3221 397 3273 tas
418 3204 505 3274 illius
528 3209 672 3306 vaporis,
697 3205 806 3296 jundia
827 3199 1016 3296 benignitati
1036 3227 1192 3301 vaporum
1208 3211 1275 3295 ejus
1296 3203 1395 3283 succi,
1417 3210 1478 3302 qui
1502 3209 1536 3273 in
1561 3203 1715 3280 venistis,
1741 3208 1777 3273 δι

348 3306 407 3397 qui
432 3309 575 3401 proxime
598 3308 672 3387 alit,
691 3312 815 3401 corpori
841 3307 974 3371 nitorem
999 3302 1036 3369 fit
1061 3304 1279 3373 conciliatura?
1306 3306 1462 3374 Videmus
1485 3303 1633 3374 mulieres
1662 3301 1701 3388 ῥᾷ
1729 3303 1776 3375 la·

349 3394 518 3479 borantes,
537 3408 623 3471 dum
649 3405 736 3468 fluor
760 3396 968 3493 perseverat,
999 3401 1093 3464 etiam
1125 3394 1204 3467 boni
1235 3402 1352 3467 coloris
1382 3402 1455 3471 elle:
1483 3404 1506 3467 st
1530 3404 1774 3495 supprimitur,

346 3496 436 3566 faciei
461 3492 818 3594 splendorobscurausr.
844 3498 1182 3587 Qamquamreperio
1206 3496 1363 3591 duplicem
1379 3492 1531 3573 clasem,
1560 3491 1776 3575 (eolorissuat
1797 3545 1935 3606 mm·

347 3599 483 3668 vitatem
504 3616 594 3665 verro
610 3620 649 3665 ex
665 3596 819 3665 Cicerone
831 3595 966 3674 i‘unam
982 3591 1178 3669 naturalem,
1203 3593 1242 3660 de
1256 3615 1324 3685 qua
1342 3591 1466 3663 dierum
1484 3591 1544 3671 est,
1559 3592 1775 3665 altemmcon-
1795 3621 1864 3680 mr,

344 3715 396 3763 tra
415 3715 580 3773 naturam,
604 3700 639 3765 dt
653 3715 690 3764 ea
715 3711 772 3763 aut
787 3690 831 3760 est
853 3684 1010 3789 presentis
1033 3684 1136 3759 morbi
1160 3692 1183 3757 s
1229 3714 1285 3760 um
1308 3737 1320 3771 ,
1351 3708 1409 3762 aut
1433 3687 1535 3761 futuri
1560 3685 1772 3791 praesagitio.

345 3785 523 3872 Praesentis,
550 3815 589 3863 ut
605 3789 711 3871 ’ἔμπυοι
729 3786 896 3867 rubentes,
916 3794 951 3859 dc
970 3789 1130 3861 floridulas
1144 3789 1186 3860 ha
1250 3810 1386 3883 egenas,
1401 3794 1460 3886 qui
1483 3792 1570 3860 color
1581 3793 1683 3885 vulgo
1723 3794 1770 3865 la.

344 3908 415 3971 oct,
436 3895 572 3964 Medicis
589 3897 735 3988 ingratus
758 3889 818 3960 est.
847 3892 1106 3968 Futurirauttm,
1138 3910 1176 3959 ut
1201 3914 1306 3985 quum
1335 3893 1407 3984 quis
1430 3892 1542 3959 multis
1573 3817 1770 3963 humoribus
1846 3915 1893 3985 ig·

344 3986 532 4070 abundant,
556 3996 615 4086 qui
630 4014 743 4060 tamen
760 3992 866 4059 adhuc
884 3995 1093 4056 retinentura
1113 4006 1245 4069 natura,
1265 3994 1299 4058 δι
1317 3990 1427 4083 aliqua
1434 4011 1471 4056 ex
1480 4006 1570 4085 parte
1593 4010 1768 4082 reguntur,
1795 4014 1827 4065 ιη
1838 4004 1936 4065 coacte

345 4110 386 4160 ut
400 4090 429 4154 ci·
440 4092 475 4171 τῇ
486 4091 545 4167 ἔξω
566 4089 719 4169 &bamini
736 4138 747 4167 ‚
769 4082 813 4155 ob
825 4081 954 4157 habitus
978 4082 1153 4154 bonitatem
1169 4083 1340 4166 summam,
1355 4092 1390 4157 &
1398 4086 1576 4185 pletboram
1593 4094 1769 4159 maximam

346 4186 443 4259 facilis
459 4192 492 4257 in
514 4182 665 4263 rmribum
679 4184 724 4255 est
738 4184 840 4256 casus.
869 4188 967 4254 Unde
990 4189 1036 4254 Hi
1060 4206 1197 4281 perraras
1224 4187 1334 4280 (quod
1351 4185 1394 4255 est
1410 4190 1548 4256 maxime
1569 4186 1770 4268 morardum,

346 4293 383 4358 de
398 4288 490 4358 valde
513 4289 576 4356 huc
601 4288 754 4385 pertinet)
780 4279 902 4365 scribit,
926 4288 1006 4353 circa
1053 4287 1130 4353 ciem
1155 4280 1286 4371 εὔχρω,
1311 4289 1346 4354 &
1364 4280 1486 4356 sudores
1494 4279 1667 4365 finestbre,
1691 4284 1765 4357 ster-

344 4392 368 4426 “
391 4410 466 4457 cora
480 4385 620 4466 vmusta,
644 4406 702 4455 aut
720 4379 835 4455 subtile
855 4386 1028 4479 fignificat,
1052 4397 1110 4453 aut
1134 4385 1346 4453 inordinatam
1361 4388 1434 4455 vita
1452 4389 1627 4455 rationem.
1653 4386 1766 4454 Etlroc

344 4481 448 4555 suturi
471 4481 576 4554 morbi
594 4479 780 4581 presagium
796 4482 866 4554 est:
901 4484 959 4554 lsta
982 4487 1067 4551 enim
1093 4477 1176 4549 bona
1201 4476 1273 4564 sunt
1298 4477 1467 4577 suspesia,
1490 4483 1592 4550 utsrc
1622 4483 1761 4575 loquar.

345 4586 389 4655 Et
413 4592 460 4653 ita
482 4584 609 4655 affedtos
633 4588 716 4653 intra
740 4606 856 4680 paucos
873 4584 937 4651 dies
960 4584 1124 4676 derepente
1150 4581 1294 4649 videmus
1319 4586 1463 4648 interire.
1497 4582 1702 4673 Sangermani
1718 4583 1768 4649 hi-

344 4680 441 4751 storia
465 4682 559 4769 hujus
576 4687 618 4752 rci
644 4684 738 4756 fidem
754 4679 843 4751 facit.
872 4686 911 4750 Et
937 4680 1060 4748 tametsi
1083 4672 1197 4761 stupore
1220 4676 1274 4745 illa
1297 4677 1383 4746 mala
1407 4679 1465 4755 sit,
1489 4682 1566 4772 quia
1600 4698 1706 4745 tamen
1729 4682 1769 4748 de

342 4796 466 4854 statura
488 4777 645 4877 sanguinis
669 4786 800 4861 retinet,
825 4806 889 4850 non
914 4800 978 4848 tam
1005 4778 1089 4846 mala
1105 4773 1167 4853 est,
1189 4798 1225 4843 ae
1249 4776 1272 4843 sr
1297 4795 1353 4844 aut
1377 4770 1550 4874 plumbea,
1575 4795 1631 4843 aut
1655 4777 1764 4843 viridis

343 4895 424 4950 cum
447 4880 565 4977 pallore
587 4882 658 4952 ellet
683 4878 791 4962 facies,
816 4887 850 4950 dc
873 4880 896 4946 st
922 4872 1046 4949 solveris
1070 4868 1222 4944 habitum
1246 4898 1300 4943 cor
1343 4878 1400 4953 ris,
1424 4872 1605 4957 sacileesla
1629 4874 1767 4963 periculo

343 5001 465 5079 corpus
483 4982 657 5051 vindicare.
683 4981 767 5049 Facit
790 4986 875 5046 enim
889 4972 1059 5076 supprell'ro
1082 4975 1259 5052 humorum
1285 4898 1447 5068 &rorum
1480 4972 1623 5041 nimietas
1652 4968 1762 5045 nocet)
1836 5043 1841 5054 ,

448 5079 590 5150 aarum
604 5081 701 5173 oper.
716 5082 841 5148 rmus
859 5079 889 5145 r.
1240 5079 1241 5082 ‘
1374 5076 1401 5143 ε
1452 5091 1469 5156 3
1671 5060 1713 5126 ad
1852 5083 1859 5098 a
