4534 5850
489 426 1406 557 rrerumminensis.
1457 482 1500 549 rr.
1590 500 1658 577 tu

284 660 289 669 ,
330 621 557 702 procuratoris
575 627 704 692 Domini
720 622 871 690 Tolerom
880 616 996 703 familia
1013 615 1108 688 habet
1127 620 1252 714 aliquid
1272 616 1425 698 συγγενίς.
1452 624 1612 691 Sexdecim
1626 619 1703 693 libe·
1725 618 1850 713 Mlm'm·

286 745 339 792 ras
356 745 395 790 ex
412 745 513 793 uxore
526 714 673 818 suscepit.
699 715 862 791 Omnibus
884 716 976 797 fere,
1007 739 1064 789 aut
1090 724 1198 806 maiori
1215 722 1299 816 parti
1318 721 1440 788 Heraia
1455 718 1517 790 suit
1536 718 1697 790 familiaris
1725 711 1867 837 ''fimf'‘

286 843 393 893 recens
408 826 506 889 natis.
531 820 582 890 Ad
599 824 752 912 quintum
766 840 823 895 aut
839 813 1009 916 septimum
1034 839 1158 887 arnum
1176 818 1272 888 durat
1292 832 1328 886 'ea
1349 820 1541 890 infirmitas.
1579 821 1697 892 Exadlo
1723 784 1869 922 23:12*

284 943 374 998 arum
390 912 520 1015 septimo
532 921 577 986 nil
591 921 729 1016 amplius
746 919 810 987 tale
825 936 975 1014 apparet.
994 919 1057 985 'An
1075 918 1152 1009 qula
1168 917 1320 985 relaxatio
1335 921 1492 1011 peritonaei
1509 922 1518 986 i
1543 914 1573 987 sa
1592 944 1647 1015 per
1669 915 1698 988 se
1726 942 1776 1006 n'o'
1792 926 1862 1022 ,isui

287 1015 511 1093 satiaturasic
528 1042 633 1110 quum
653 1039 766 1088 matres
783 1013 1020 1109 querunrorde
1039 1016 1153 1084 herniis
1178 1038 1379 1111 puerorum,
1415 1043 1478 1086 non
1493 945 1542 1086 cll
1553 1043 1611 1087 cur
1627 1039 1696 1088 tan·
1726 1032 1837 1086 Ηηηὲι

290 1119 396 1212 t'opere
413 1117 446 1182 ln
470 1116 529 1184 hoc
546 1111 915 1198 curando-laboremus.
942 1115 1070 1185 numm
1088 1117 1173 1182 enim
1194 1112 1237 1183 est
1258 1113 1422 1184 Medicus.
1612 1198 1615 1205 Ι
1721 1112 1840 1207 genuli-

342 1215 436 1286 Uxor
453 1221 478 1282 l.
496 1215 535 1283 de
550 1217 746 1292 Boudenier‚
771 1220 806 1283 &
831 1219 872 1283 i).
886 1214 931 1281 du
950 1214 1065 1282 Mesnil
1080 1208 1283 1283 memorabile
1300 1215 1381 1306 quid
1399 1211 1627 1310 prestiterunt.
1656 1217 1697 1283 11.
1723 1212 1766 1253 ἰ’
1784 1233 1795 1252 ·

291 1314 363 1381 liin
382 1323 468 1383 venis
486 1315 632 1382 varicosrs
650 1308 1012 1406 sanguisestcollestm,
1036 1306 1112 1381 fusa
1138 1316 1199 1409 pici
1227 1313 1351 1383 srmr'lis.
1380 1317 1421 1382 Et
1445 1316 1693 1407 quamdolores
1714 1287 1861 1419 ζὶἵζῖω

288 1410 399 1488 essent,
424 1413 554 1481 consilio
569 1414 787 1505 quorumdam
801 1411 958 1483 detradtus
972 1410 1016 1481 ell
1029 1459 1042 1491 ,
1074 1434 1192 1505 magna
1215 1416 1333 1509 copia,
1369 1406 1497 1506 sanguis
1520 1431 1696 1483 atramento
1723 1447 1823 1517 sarum

291 1511 416 1579 similis.
444 1515 491 1582 Ac
507 1509 613 1609 postea
631 1512 683 1580 illi
695 1516 815 1609 optimc
828 1509 930 1582 cellit.
960 1512 1061 1582 Alteri
1084 1513 1180 1580 audio
1205 1506 1391 1605 sanguinem
1413 1515 1544 1604 nigrum
1557 1516 1603 1582 ita
1622 1538 1697 1581 con·
1725 1531 1833 1600 aperta

293 1607 415 1682 crevisse
431 1610 463 1679 in
479 1604 681 1705 jugularibus
701 1615 808 1690 venis,
832 1631 870 1681 ut
883 1605 1035 1680 carbones
1051 1610 1111 1679 illic
1125 1610 1256 1708 impasti
1270 1614 1495 1681 crederentur.
1526 1607 1593 1684 Ubi
1610 1636 1696 1686 vena
1726 1626 1794 1672 ΝΜ
1820 1654 1830 1673 ·

294 1703 443 1781 varicosae
459 1731 611 1802 turgent,
636 1713 801 1781 evacuatio
820 1708 876 1778 illa
892 1711 1086 1805 particularis
1100 1713 1225 1803 proficit
1242 1711 1437 1805 plurimum.
1728 1699 1800 1788 9³¹?-
1816 1707 1870 1756 ¹²·

308 1876 311 1881 4
345 1811 389 1876 D.
416 1807 455 1876 de
463 1809 600 1899 Claigny
614 1811 795 1878 Canonicus
803 1807 972 1877 Parilienfis
981 1809 1068 1877 velut
1083 1808 1407 1903 leucoplrlegmatieus
1416 1825 1483 1874 crat
1498 1855 1506 1871 .
1525 1803 1707 1904 'Lapidosus
1726 1774 1776 1913 εἴ·
1786 1778 1872 1923 {gf

293 1923 444 1975 mortuus
461 1903 526 1973 est.
555 1908 607 1973 An
623 1906 757 2003 lapidosi
773 1909 817 1974 ita
833 1907 900 1974 fieri
917 1904 1061 2001 polium?
1076 1910 1141 1995 lta
1151 1954 1158 1970 .
1186 1905 1275 1974 Nam
1292 1905 1448 1973 Fcrnellus
1459 1901 1707 2002 annotavitsup-
1723 1878 1828 2015 ὦ.

293 2000 480 2099 presslonem
498 2009 533 2072 &
550 2008 832 2097 regurgitationem
848 2001 1009 2091 cujusdam
1028 2006 1163 2073 materiei
1177 2004 1352 2101 purulente
1369 2027 1388 2072 a
1405 1997 1533 2090 renibus
1548 2007 1589 2075 ad
1611 2028 1709 2076 veno-
1730 2025 1847 2099 rapta.

294 2095 362 2170 sum
378 2123 497 2192 gertus,
523 2103 557 2169 id
575 2126 675 2195 genus
695 2099 914 2201 symptomatis
929 2105 1073 2174 inducere
1091 2101 1242 2200 potuisse.
1723 2106 1758 2175 sa
1802 2106 1884 2165 liat·

308 2268 316 2286 .
347 2202 440 2279 Uxor,
458 2204 622 2282 D.,Go<let
636 2207 754 2270 interiit
768 2205 868 2294 longo
886 2199 1000 2271 morbo
1019 2253 1027 2270 .
1063 2206 1189 2271 Mirum
1210 2199 1299 2282 suit,
1323 2203 1413 2297 quod
1429 2204 1473 2272 illi
1490 2208 1642 2296 contigit.
1671 2208 1709 2272 ln
1726 2187 1829 2251 ism·

296 2319 406 2368 ventre
428 2305 462 2365 δι
479 2295 649 2371 abdomine
664 2295 858 2394 apparebant
875 2301 1004 2369 durities
1020 2321 1193 2393 tunquam
1210 2322 1401 2394 gongronae,
1427 2304 1650 2394 magnitudine
1657 2325 1712 2369 ca-

297 2394 436 2464 llaneain
453 2402 487 2464 δι
499 2398 617 2466 duritia
633 2394 811 2474 reserentes.
841 2398 938 2466 Unde
954 2398 989 2464 iel
1004 2414 1111 2466 ortum
1132 2393 1280 2465 habuerit
1297 2444 1307 2477 ‚
1331 2394 1545 2490 ignorabant.
1574 2399 1610 2465 ld
1628 2401 1711 2467 dice-

296 2488 377 2568 bant
395 2495 630 2566 fimilitudincm
645 2493 756 2564 referre
771 2520 838 2583 caus
851 2499 915 2572 rei,
938 2499 1060 2588 quain
1078 2495 1149 2564 lecti
1173 2517 1330 2592 apparatu
1349 2498 1464 2563 dicitur
1484 2544 1495 2574 ,
1530 2519 1574 2562 aen
1590 2497 1705 2565 ludier.

354 2595 458 2661 Uxori
473 2597 514 2661 D.
524 2594 562 2660 de
578 2595 608 2661 la
625 2593 754 2661 Trousle
766 2605 796 2660 in
809 2596 1085 2690 ipsisexcremcntis
1102 2594 1164 2663 alvi
1178 2595 1277 2688 lapilli
1294 2587 1364 2662 sunt
1380 2594 1577 2691 deprehensi.
1605 2599 1708 2679 Qua·

299 2689 413 2764 rebant
425 2715 466 2761 an
483 2689 592 2781 acysti
612 2687 690 2759 sellis
710 2690 857 2762 vernilem
878 2740 889 2768 ,
914 2715 955 2761 an
974 2695 1006 2758 in
1022 2692 1093 2787 ipris
1113 2692 1262 2767 intestinis
1284 2690 1527 2772 concrevissent,
1562 2697 1596 2763 δι
1621 2718 1708 2787 quo·

303 2792 419 2863 modo.
435 2795 489 2860 .D.
504 2790 659 2858 Fernelius
676 2792 778 2859 multa
797 2793 846 2858 his
865 2790 973 2860 nmilia
991 2783 1019 2858 se
1036 2784 1243 2870 observaville
1260 2787 1395 2862 latetur.
1634 2861 1635 2865 ,

355 2893 397 2960 D.
425 2890 570 2966 Boedicr,
594 2892 651 2983 qui
670 2912 770 2958 amos
785 2890 865 2958 duos
882 2909 960 2984 pene
976 2893 1113 2981 integros
1132 2890 1244 2960 alvinis
1269 2882 1485 2988 symptomatis
1507 2885 1710 2963 discruciatus

304 2988 366 3067 ell,
392 2994 426 3062 &
442 2986 607 3057 doloribus
622 2989 663 3057 ad
682 2995 843 3082 regionem
858 2987 1023 3057 ventriculi
1039 2981 1274 3055 incredibilibus
1293 3034 1303 3065 ,
1337 3011 1485 3058 mortuus
1502 2988 1546 3057 est
1565 2993 1692 3059 tandem
1703 3039 1717 3057 .

305 3094 422 3181 Quum
440 3090 531 3160 alvus
551 3089 610 3156 diu
632 3107 705 3157 ante
731 3086 866 3156 fluxisset
887 3133 899 3163 ,
935 3084 1060 3153 dolores
1080 3082 1128 3150 isti
1145 3083 1357 3162 cessaverant,
1389 3093 1447 3179 qui
1463 3080 1664 3156 declarabant
1681 3094 1719 3158 dc

303 3187 521 3257 collectionem
538 3192 611 3255 tetri
636 3188 799 3264 humoris,
824 3191 857 3254 &
883 3207 1051 3281 perennem
1074 3186 1337 3273 generationem.
1374 3186 1542 3252 Venenum
1567 3192 1731 3281 propina-'

305 3307 379 3355 tum
395 3284 452 3357 else
466 3281 644 3383 putabant.
662 3290 795 3382 aperto
811 3286 978 3362 cadavere,
1005 3289 1171 3358 inventum
1187 3280 1232 3360 est
1250 3282 1347 3380 hepar
1366 3281 1470 3377 plane·
1481 3276 1618 3351 albicans
1633 3330 1645 3361 ,
1683 3286 1721 3356 8<

307 3381 493 3481 semiputre.
520 3384 687 3545 Cartilapp
699 3386 861 3478 xiphoalec
876 3384 1064 3452 'induruerat
1081 3380 1202 3459 valde,
1236 3386 1269 3449 δι
1302 3377 1447 3449 inferiore
1473 3375 1519 3449 sui
1537 3399 1625 3477 parte
1638 3386 1727 3450 emi-r

308 3477 422 3550 nebat.
451 3481 549 3549 Unde
566 3480 648 3547 credi
673 3480 713 3548 ile
730 3481 854 3572 aliquid
872 3478 1033 3547 contulisse
1048 3482 1089 3549 ad
1106 3478 1202 3561 illum
1226 3480 1429 3548 excitandum
1450 3479 1611 3547 dolorem.
1640 3482 1717 3548 Ma-

305 3585 390 3650 xime
412 3578 538 3648 dolores
558 3587 651 3647 erant
670 3577 835 3664 nosturni.
864 3577 974 3657 Nullis
999 3581 1139 3650 remediis
1154 3579 1314 3660 ,allevatus
1329 3576 1389 3647 cll.
1416 3579 1516 3647 Pridie
1533 3599 1635 3671 quam
1647 3600 1719 3646 mo·

307 3698 452 3756 teretur,
478 3700 533 3775 per
555 3700 601 3754 os,
614 3682 752 3748 excrevit
777 3671 996 3748 atrabilarirnn
1022 3673 1227 3773 saraguinem.
1255 3680 1319 3748 Hic
1338 3669 1640 3774 veritasrlphorism.
1657 3698 1715 3761 23.

252 3773 256 3798 ⁵
307 3774 362 3851 lib.
391 3804 423 3862 4.
451 3772 640 3874 deprehensa
662 3776 722 3846 cll.
741 3772 877 3865 ,Quibus
901 3802 938 3847 er
955 3773 1073 3860 morbis
1089 3783 1188 3848 acutis
1203 3782 1246 3846 ait
1270 3779 1449 3855 diuturnis,
1475 3776 1525 3848 vel
1546 3799 1584 3846 ca
1608 3776 1723 3848 vulne«

307 3925 330 3961 „
355 3871 446 3945 ribus
463 3877 524 3946 sive
544 3880 660 3968 quovis
683 3878 747 3944 alio
764 3878 863 3945 modo
882 3880 1056 3947 extenuatis
1079 3898 1149 3946 atra
1162 3872 1253 3953 bilis,
1281 3877 1342 3945 sive
1360 3881 1410 3944 uti
1424 3870 1548 3967 sanguis
1573 3878 1662 3969 niger
1671 3877 1723 3948 in·¹

312 4021 337 4056 ‚,
362 3971 410 4043 sta
424 3976 550 4053 exierit,
575 3972 720 4070 postridie
744 3982 949 4045 moriuntur.

361 4073 457 4142 Filius
475 4074 516 4139 l).
533 4074 657 4142 Conart
672 4075 821 4241 populari
834 4075 888 4148 illa
906 4070 998 4152 tulli,
1022 4045 1108 4168 qux.
1114 4074 1247 4175 Quinta
1264 4090 1414 4150 vocatur,
1439 4064 1631 4141 laborabat.
1669 4037 1725 4141 Fe
1761 4067 1888 4145 sime:

312 4166 376 4244 bris
399 4174 568 4243 continua.
595 4175 715 4251 lauredi
740 4174 787 4243 ilis
802 4177 925 4271 pituita:
940 4180 1043 4270 putris
1066 4180 1160 4270 cop'ut
1184 4194 1201 4240 e
1226 4174 1380 4269 pulmone
1403 4170 1477 4241 tuffi
1493 4171 1606 4242 educis
1639 4169 1717 4242 est.
1748 4149 1824 4226 'W‘
1835 4194 1847 4220 ¹
1877 4195 1886 4228 ἰ

315 4274 440 4340 Mirum
458 4270 600 4350 nonest,
625 4273 647 4339 sr
666 4276 697 4344 vi
713 4274 784 4342 talis
797 4272 884 4343 tuliis
899 4277 989 4371 pueri
1000 4292 1192 4368 nequeuntes
1208 4271 1407 4369 expeciorare
1430 4276 1603 4344 intereant.
1630 4272 1728 4349 Nam·
1801 4301 1808 4317 ·
1834 4283 1859 4308 ²⁷
1881 4291 1890 4310 ⁴

315 4378 544 4468 opprimuntur
561 4374 699 4440 materiei
716 4378 750 4442 δι
774 4378 887 4471 copia,
911 4379 945 4443 δι
970 4374 1123 4467 qualitate
1140 4376 1293 4470 peccantis
1318 4371 1475 4469 pondere.
1555 4412 1557 4415 ⁴

322 4535 328 4543 .
368 4472 525 4544 Uxori).
541 4471 674 4559 Dodyer
696 4492 715 4537 a
740 4474 848 4542 multis
873 4466 1029 4540 mensibus
1051 4472 1177 4542 dolores
1202 4466 1352 4541 sentiebat
1370 4474 1403 4538 in
1420 4485 1543 4541 ventre:
1573 4469 1636 4544 Alii
1655 4484 1731 4539 ute«

315 4568 618 4742 lblrfflmcllulaffi
633 4562 836 4738 mgcsarappum
851 4571 1067 4641 crediderunt.
1094 4568 1266 4738 lnliitutrppl
1286 4562 1419 4735 syrupps
1442 4574 1665 4736 exfiplgoappicpi
1690 4571 1729 4640 δι

376 4690 392 4736 c
454 4684 472 4733 ’.
829 4689 832 4696 ’
951 4693 1044 4739 rut
1087 4689 1121 4738 ta
1152 4694 1213 4738 con
1268 4686 1345 4737 urt.
1406 4689 1484 4735 teu
1631 4689 1730 4739 oorr2

317 4758 380 4833 bus
403 4760 553 4840 amaaer'
571 4688 938 4865 puppgmdpmeppptpoe
953 4690 1087 4839 decllorbsa
1103 4761 1178 4842 suat
1193 4695 1390 4838 blandiendi.
1449 4692 1461 4759 l

328 4923 331 4931 ·
368 4862 473 4933 Frater
491 4869 597 4943 uxoris
614 4872 657 4940 D.
676 4869 798 4942 Balllon
816 4862 901 4944 febre
915 4893 981 4939 non
996 4887 1166 4967 apparente
1181 4860 1367 4946 tenebatur,
1391 4858 1577 4944 rumam
1593 4854 1728 4945 deperio

315 4962 411 5054 quod
426 4962 688 5064 menclaum
701 4965 894 5070 'ellescripfir
918 4971 1149 5069 Hippocrates..
1176 4969 1367 5044 Taciturnus
1385 5017 1396 5045 .
1421 4958 1610 5037 sitibundus
1627 5007 1641 5036 .,
1662 4961 1727 5030 Co

1622 5073 1692 5119 mil·
