4534 5850
588 487 611 550 6
827 476 1652 558 EPIDEMIORUM

372 621 504 782 ξὶξζῗῗ
537 670 616 723 tunc
638 649 742 719 utilis?
766 650 1007 745 Nequaquam,
1031 667 1090 721 aut
1113 665 1205 750 parce
1219 649 1424 726 detrahatur,
1449 650 1549 714 immo
1564 646 1817 742 alexipharmaca
1831 653 1865 720 δι
1882 671 1955 719 car·

374 728 514 848 mm*
536 752 627 820 diaca
651 749 793 828 dentur,
817 751 909 820 alvus
933 744 1048 821 blande
1071 755 1107 820 de
1133 745 1212 848 saepe
1233 748 1386 824 eluenda,
1412 770 1486 815 nam
1510 740 1735 837 depectionibus
1759 746 1854 817 instar
1880 751 1956 847 pul·

374 873 433 925 dus
450 865 517 936 san.
537 853 577 920 tis
594 870 706 918 crocea
731 844 863 918 morbus
877 843 1115 920 solventi-hoc
1135 852 1290 948 Hippoer.
1317 852 1352 916 &
1378 847 1450 916 Gal.
1477 847 1643 916 cornilium
1668 843 1728 915 est:
1755 848 1956 919 vomitiones

371 951 459 1022 guis.
535 947 652 1027 sistere,
677 952 712 1019 δι
739 942 922 1042 sauguinem
938 947 1062 1049 plenius
1079 949 1239 1019 detrahere
1257 966 1365 1016 nocet.

584 1051 621 1116 ln
638 1043 796 1146 plerisque
819 1052 956 1119 tertianis
981 1044 1056 1118 sunt
1079 1049 1266 1141 Cardiogmi
1291 1049 1476 1117 vomitiones
1501 1039 1689 1117 subvirides:
1716 1047 1769 1115 An
1795 1045 1864 1114 ideo
1894 1072 1956 1111 κα.

393 1118 516 1241 μυξη,
535 1149 648 1214 scilciet
663 1146 726 1218 est:
751 1153 786 1218 δι
810 1142 898 1217 scobs
921 1149 1080 1219 unicornis
1104 1142 1234 1247 praescns
1260 1147 1507 1217 Alexitheriume
1536 1148 1572 1212 ld
1599 1142 1720 1213 faciunt
1747 1145 1864 1212 Medici
1893 1151 1955 1239 qui

370 1259 513 1393 ppbppfe.
532 1248 565 1316 id
590 1247 692 1342 vulgo
712 1239 926 1418 ‘persupdppu
951 1267 989 1318 ut
1012 1249 1135 1419 aliqppd
1161 1246 1468 1415 ageretqvideangtcur,
1478 1248 1546 1413 rpiu
1571 1248 1656 1407 enippt
1679 1240 1958 1410 ,febfjsffoesrmjt'

369 1417 502 1549 „aa
529 1365 1061 1518 iiht‘shllhilih
1078 1372 1423 1528 millitis.
1436 1368 1620 1518 iiiiii,
1647 1367 1827 1534 inihi,
1843 1367 1954 1512 ,tit

369 1513 511 1640 mum
529 1562 623 1616 tura
648 1545 800 1615 refluente
816 1541 927 1616 bile&
951 1567 987 1614 os
1005 1549 1171 1618 ventriculi
1219 1551 1332 1628 rientc,
1357 1540 1475 1616 talibus
1498 1537 1757 1616 evacuationibus
1773 1543 1954 1640 plurimum

368 1675 508 1736 expertes.
529 1646 609 1713 vires
633 1644 759 1734 dejecta
784 1646 932 1717 videntur
958 1649 970 1730 (
994 1641 1043 1715 sed
1069 1647 1103 1716 id
1126 1650 1165 1719 fit
1189 1642 1234 1716 ob
1259 1640 1399 1717 morsum
1426 1641 1496 1714 bilis
1520 1646 1530 1729 )
1557 1648 1592 1713 &
1617 1645 1809 1740 purgatione
1834 1637 1953 1715 testans

526 1761 661 1813 tantur.

369 1881 436 1937 U„
447 1885 507 1939 m,
576 1843 668 1936 Qid
685 1842 747 1913 hoc
772 1842 845 1914 vult
869 1842 956 1943 apud
984 1844 1108 1916 Aulum
1134 1842 1304 1928 Gellium,
1330 1851 1412 1917 Una
1433 1846 1592 1913 Nouerca
1622 1840 1689 1910 dua
1721 1841 1884 1911 Matres?
1911 1838 1950 1908 de

367 1978 456 2017 vem
527 1959 686 2031 quartana
704 1935 789 2009 sebte
813 1944 1009 2011 audiendum
1034 1948 1067 2013 in
1092 1968 1158 2038 qua
1182 1947 1251 2015 duo
1276 1950 1391 2041 quietis
1416 1945 1480 2013 dies
1506 1938 1631 2010 blanda
1646 1941 1740 2007 matri
1765 1961 1951 2037 comparan-

367 2038 425 2095 dua
445 2053 505 2092 m·-
527 2053 601 2117 tur,
628 2033 806 2135 paroxysmi
829 2039 893 2107 dies
917 2041 992 2109 dirae
1017 2044 1191 2112 Nouerca.
1218 2044 1395 2137 Numquid
1416 2035 1594 2138 paroxysmi
1620 2040 1684 2107 dies
1710 2039 1835 2114 melior,
1859 2035 1951 2130 quod

368 2129 428 2174 ’Μ
473 2113 509 2176 δ’
527 2137 574 2206 vis
589 2154 711 2206 natura
724 2138 931 2231 significemur?
958 2139 1034 2209 ldeo
1051 2135 1171 2212 Arabes
1184 2164 1224 2211 to
1247 2144 1342 2211 etiam
1369 2141 1419 2208 die
1448 2139 1656 2208 catharticum
1682 2128 1950 2234 praescribebant,

364 2191 460 2269 Μ’·
525 2235 625 2304 immo
651 2229 726 2305 sunt
757 2238 818 2329 qui
851 2231 970 2307 febrem
1004 2259 1221 2332 quartanam,
1255 2261 1314 2311 aut
1348 2241 1443 2309 aliam
1476 2240 1735 2318 intermittentcm
1764 2227 1951 2307 inoffensum

525 2326 620 2404 suum
646 2329 777 2405 cursum
801 2353 957 2406 tenentem
983 2340 1099 2409 volunt
1123 2342 1264 2441 intercipi
1288 2341 1465 2424 amuletis,
1491 2334 1542 2407 sed
1568 2333 1662 2407 satius
1688 2333 1732 2406 est
1756 2358 1833 2405 cum
1857 2327 1950 2405 causa

525 2451 697 2528 aegrotare,
721 2456 821 2528 quam
842 2435 905 2505 sure
919 2431 1012 2506 caah
1035 2442 1159 2528 juvari.

574 2532 758 2625 Quendam
782 2533 943 2605 diuturnae
967 2520 1133 2628 quaitanae
1159 2531 1319 2608 taedebat:
1345 2537 1391 2605 nil
1418 2539 1487 2633 opis
1511 2557 1531 2604 a
1557 2535 1688 2602 Medicis
1713 2525 1956 2632 experiebatur,

493 2680 495 2685 -
523 2632 584 2724 qui
611 2625 745 2703 suorum
771 2633 1018 2707 Theorematum
1045 2636 1164 2706 fiducia
1188 2639 1298 2706 mitius
1322 2657 1396 2704 cum
1424 2651 1581 2728 quartana
1604 2651 1757 2726 agerent:
1791 2629 1950 2722 Praestigio

522 2729 703 2802 medicinali
721 2731 871 2805 humores
895 2737 1116 2831 quieverunt,
1142 2753 1265 2804 naturae
1283 2728 1378 2802 eursu
1394 2733 1547 2830 impedito
1569 2737 1604 2802 δι
1628 2725 1796 2801 conatibus
1821 2726 1950 2798 frustra·

522 2832 587 2898 ucis
612 2831 690 2900 nihil
716 2828 968 2931 promovebatur
983 2834 1074 2930 quod
1099 2830 1301 2933 paroxysnos
1326 2850 1504 2915 revocaret,
1528 2826 1613 2903 visus
1637 2832 1791 2907 allevari,
1817 2832 1852 2898 δι
1877 2847 1952 2896 tum

521 2927 658 3000 diaetis
681 2950 782 3001 artem
806 2936 969 3005 Medicam
1039 2938 1140 3008 tivit:
1165 2929 1217 3005 sed
1241 2936 1325 3005 hanc
1348 2934 1577 3004 contumeliam
1600 2955 1666 3001 non
1691 2934 1823 3031 impune
1849 2927 1952 3007 tulit,

520 3021 663 3123 sequenti
680 3031 730 3099 die
756 3055 820 3100 non
847 3036 892 3103 ita
917 3057 978 3102 con
1005 3033 1139 3115 letatur,
1163 3060 1229 3105 non
1254 3039 1367 3135 repetit
1387 3028 1501 3114 febris,
1526 3033 1627 3103 levior
1646 3023 1866 3098 obtrectatoris
1883 3048 1954 3122 pua·

520 3148 587 3204 na,
601 3150 740 3224 quaque
764 3127 933 3201 videbatur
958 3128 1038 3200 hisce
1063 3132 1225 3230 praestigiis
1250 3130 1399 3230 repressa,
1424 3124 1601 3199 furibunda
1617 3126 1748 3194 tandem
1774 3123 1884 3194 effecta
1908 3121 1955 3194 est

472 3305 476 3312 Ι
521 3220 707 3319 serneshquc
723 3228 834 3295 evafit.
862 3233 937 3298 Hoc
956 3223 1191 3299 observandum
1216 3250 1255 3300 ut
1281 3230 1452 3298 idiotarum
1473 3223 1751 3321 &quorumdam
1777 3224 1957 3318 primatum

520 3326 646 3390 animm
671 3324 830 3393 maleficiis
864 3327 937 3425 plus
961 3350 1058 3421 equo
1083 3322 1226 3398 tribuens
1254 3320 1405 3426 rehpiseat
1430 3331 1466 3397 δι
1491 3338 1731 3421 componature
1765 3324 1801 3388 &
1827 3319 1955 3388 interim

493 3510 496 3514 A
521 3420 701 3491 notandum
728 3447 794 3490 non
819 3448 937 3518 parum
963 3422 1102 3503 referre,
1137 3428 1162 3491 si
1186 3449 1326 3514 quoquo
1351 3425 1481 3503 modo,
1513 3428 1550 3497 δι
1573 3422 1637 3490 sure
1661 3410 1757 3489 eausa
1789 3411 1955 3487 martilesta

511 3513 635 3589 morbo
655 3511 776 3590 absolvi
801 3520 948 3589 videatur
973 3538 1073 3608 aget.

403 3667 488 3722 Vm
572 3614 667 3683 Febre
691 3621 861 3705 Qartana
871 3617 944 3706 quis
968 3608 1155 3694 laborabat,
1180 3613 1292 3685 deinde
1316 3617 1349 3683 in
1375 3605 1495 3681 febrem
1519 3612 1686 3680 ataricum
1710 3608 1837 3688 incidit,
1886 3633 1952 3682 uae·

360 3689 505 3814 suff„
521 3707 615 3780 rebat
639 3732 698 3809 cur
722 3710 843 3779 sinistro
868 3710 946 3808 pede
958 3714 1093 3784 calorem
1112 3732 1268 3812 perpetuo
1293 3705 1435 3791 sentiret,
1460 3733 1526 3778 non
1549 3712 1626 3779 item
1651 3710 1684 3775 in
1700 3708 1782 3777 alio:
1809 3708 1842 3777 R
1871 3731 1952 3806 pon·

361 3821 459 3894 ,urnis
523 3802 595 3877 sum
619 3808 710 3900 quod
734 3800 777 3874 ab
802 3810 997 3908 Hippocrate
1021 3807 1188 3893 scribitur,
1212 3805 1334 3907 quibus
1359 3810 1422 3878 lien
1445 3808 1590 3887 declivis,
1616 3809 1652 3876 iis
1670 3807 1951 3905 pedescalidiotes,

361 3893 465 3971 ΡΜ·
524 3929 600 3975 nam
624 3901 789 3987 dvap'ssm‘n
814 3909 1005 4002 significatur
1030 3917 1064 3981 δι
1089 3930 1193 3982 metus
1217 3904 1367 3980 abscessus
1391 3913 1424 3977 in
1447 3928 1496 3977 cas
1646 3952 1659 3984 ,
1690 3906 1729 3974 stc
1763 3906 1832 3977 aliis
1858 3900 1950 3976 saties

524 4000 641 4077 rubore
671 4000 890 4091 suffunditur,
915 4029 953 4079 ut
978 4010 1155 4108 hepaticis,
1189 4010 1254 4079 aliis
1288 4008 1379 4107 pedes
1411 4009 1598 4077 inealccunt
1634 4000 1779 4075 &tibia
1804 3997 1949 4084 varicosae

522 4106 610 4173 fiunt
630 4123 668 4173 ut
683 4107 822 4185 lienosis,
846 4129 920 4180 nam
946 4108 1045 4206 hepar
1068 4109 1150 4203 quid
1175 4102 1271 4178 habet
1287 4104 1467 4189 dvip'iomr,
1482 4109 1543 4177 lien
1557 4106 1638 4202 quid
1664 4101 1874 4188 uarip'fmv,

395 4245 508 4311 cmm
576 4197 715 4273 Cerebto
730 4205 843 4275 affedlo
858 4210 926 4279 alia
943 4208 1079 4277 actiones
1095 4207 1275 4288 iaeduneur,
1299 4209 1367 4279 aliae
1388 4208 1561 4277 incolumes
1586 4222 1735 4285 manent,
1758 4202 1848 4275 aliud
1863 4205 1949 4273 enim

368 4332 488 4390 amm,
525 4298 569 4370 est
593 4295 758 4374 cerebrum
780 4305 852 4378 laedi
876 4328 967 4406 penes
992 4306 1130 4377 adunes
1154 4325 1228 4399 qua
1252 4299 1324 4377 sunt
1347 4306 1527 4388 animales,
1561 4309 1595 4377 δι
1621 4328 1696 4400 quae
1721 4323 1950 4402 temperamur·

370 4407 428 4466 alta
456 4408 506 4463 bo·
527 4418 600 4472 num
625 4398 742 4475 cerebri
767 4399 959 4501 respiciunt3
984 4406 1073 4477 aliud
1098 4411 1132 4475 in
1157 4399 1338 4476 actionibus
1362 4408 1461 4490 laedi,
1484 4430 1560 4504 quae
1585 4399 1659 4475 sunt
1685 4407 1798 4474 metuis
1825 4406 1860 4473 δι
1884 4405 1950 4489 eius

364 4484 495 4640 pinibus
528 4504 626 4599 partis
657 4526 732 4599 qua
766 4506 884 4575 consilii
906 4506 978 4595 est:
1003 4527 1069 4577 una
1095 4508 1214 4575 ratione
1239 4501 1402 4578 cerebrum
1430 4514 1466 4580 dt
1496 4505 1659 4578 facultates
1692 4509 1758 4592 ejus
1783 4495 1949 4573 nobiscum

372 4584 513 4710 5:252*
529 4595 603 4670 sunt
629 4627 810 4677 communes
835 4629 908 4678 cum
932 4610 1038 4679 ceteris
1063 4599 1297 4693 urinantibus,
1322 4609 1417 4682 altera
1441 4600 1625 4680 hominibus
1647 4604 1801 4674 diviniore
1822 4598 1951 4668 duruit

345 4720 347 4724 ·
373 4735 438 4797 ,m
453 4725 520 4794 pag
533 4704 688 4805 particula
702 4712 852 4806 propria.

374 4815 516 4885 himin
587 4802 792 4877 Polemarcho
811 4808 952 4880 Brissiaco
970 4828 1077 4879 motus
1100 4826 1188 4888 erat,
1212 4812 1430 4907 impotentia,
1452 4809 1579 4890 deliria,
1604 4805 1711 4879 nullus
1734 4797 1869 4897 potandi
1891 4820 1950 4893 ap*

373 4894 496 4973 initii·
539 4910 654 5004 petitus
679 4911 711 4976 in
737 4901 862 4977 stimmo
887 4908 981 4988 astru,
1006 4928 1120 5002 magna
1144 4926 1278 5000 raraque
1302 4903 1457 5006 spiratio,
1488 4902 1633 4991 oblivio,
1663 4919 1739 4998 quar
1763 4901 1871 4968 omnia
1895 4894 1950 4964 lae·

538 5007 653 5082 sionem
678 5001 794 5081 cerebri
820 5003 1054 5105 figvnficabant,
1078 5025 1184 5079 tamen
1208 5004 1247 5077 dc
1271 4999 1365 5078 rebus
1390 5007 1503 5079 divinis
1525 5007 1621 5081 altitu
1644 4991 1956 5166 philohppeaipppvr,
