4534 5850
518 471 1457 569 trrra'satratuuju,t1s.
1508 492 1533 556 1.
1637 459 1680 579 l,

307 626 384 705 adm
398 630 476 712 lixi,
498 630 574 707 tum
591 633 722 705 llumtcs
735 628 880 734 spiritus.
907 634 979 705 Nisa
991 631 1073 704 forte
1096 623 1182 708 dicat
1200 639 1275 732 quis
1294 629 1312 714 ,'
1341 634 1431 706 istam
1455 639 1643 707 tenuitatem
1668 651 1736 708 non

310 731 398 833 polle
418 730 494 816 effe,
514 737 568 804 nisi
590 756 665 806 curn
680 734 857 805 caliditate.
884 738 926 805 Et
939 736 1010 804 ideo
1024 753 1113 805 metu
1129 735 1393 807 inflammationis
1411 781 1422 812 ,
1454 739 1489 804 δι
1507 739 1633 826 majoris
1656 736 1733 805 mali

309 833 453 902 nonelsc
467 834 602 903 alienum
623 858 641 904 c
666 837 769 933 capite
792 827 860 933 ipso
881 835 1004 904 demere
1023 828 1209 928 surgrtincm
1234 883 1243 902 .
1268 835 1393 906 Contra
1415 829 1535 904 facium
1559 829 1732 935 superiores

307 935 459 1000 tationes.
486 935 586 1012 Item,
610 936 701 1028 quod
714 928 880 1004 cerebrum
894 928 938 1003 ab
953 937 1150 1032 Hippocrate
1172 935 1296 1004 dicatur
1320 933 1378 1004 esse
1395 928 1617 1026 glutinosum,
1642 930 1731 1027 frigi-

305 1031 406 1121 dique
419 1033 627 1128 metropolis.
656 1033 740 1116 Vide
755 1035 911 1132 Hippocr.
928 1026 984 1102 lib.
999 1056 1032 1120 7.
1061 1034 1154 1130 Epid.
1180 1037 1213 1102 in
1235 1031 1341 1103 histor.
1369 1032 1665 1110 haimaricum,
1689 1034 1732 1102 ad

307 1126 542 1203 dissuadendam
559 1127 832 1228 phlebotomiam,
858 1126 1026 1230 prasertim
1039 1129 1259 1227 frequentem,
1283 1138 1317 1204 in
1331 1132 1443 1204 dolore
1468 1136 1594 1231 capitis.
1626 1144 1632 1158 ·

302 1252 306 1259 ·
359 1228 472 1320 Vulgo
489 1224 677 1303 obssrsutur
695 1231 845 1328 proclives
861 1232 1037 1303 admodum
1061 1231 1119 1303 elle
1133 1235 1294 1302 catarrhos
1312 1238 1344 1301 in
1362 1226 1508 1302 dentium
1534 1224 1696 1301 acetabula
1720 1280 1732 1309 ,
1839 1307 1845 1321 ‚

297 1325 330 1394 st
346 1325 423 1395 dens
437 1351 522 1397 unus
543 1332 661 1399 vitium
677 1333 800 1423 attigit:
827 1324 952 1401 sublato
966 1333 1079 1412 dente,
1103 1353 1162 1401 aut
1175 1328 1334 1401 conkillm
1349 1329 1442 1400 ccll'at
1460 1327 1598 1399 affluxio
1612 1324 1732 1400 bumo-
1754 1314 1896 1445 22⁶⁸*

297 1427 364 1502 tls,
388 1445 445 1494 aut
463 1423 574 1496 saltem
589 1430 679 1498 nullo
692 1430 783 1524 gravi
799 1423 1004 1529 syraptomatc
1022 1425 1051 1499 se
1076 1427 1211 1528 profert.
1238 1433 1294 1501 sm
1308 1432 1382 1499 <lens
1412 1451 1552 1502 remanet
1567 1433 1697 1500 vitiatus
1721 1476 1733 1509 ,
1754 1406 1858 1544 ’,οἵ

306 1523 417 1592 nullus
436 1548 518 1623 pene
543 1529 609 1596 dics
626 1525 689 1606 est,
714 1552 785 1624 quo
801 1550 886 1609 non,
912 1523 1080 1627 ptaesettim
1097 1524 1232 1628 vesperi,
1257 1548 1315 1599 aut
1330 1548 1458 1598 externa
1472 1530 1581 1624 aliqua
1598 1528 1733 1599 occasio-
1847 1510 1857 1531 ’

305 1642 347 1691 nc
362 1626 538 1705 incidente,
564 1632 600 1698 δι
614 1628 738 1696 dolores
747 1619 983 1708 recrudescant,
1008 1635 1042 1701 dt
1068 1654 1133 1697 non
1157 1626 1298 1699 affluxus
1321 1631 1464 1698 humoris
1488 1629 1562 1698 alias
1591 1623 1696 1722 frigidi
1721 1675 1732 1708 ,

295 1721 383 1791 alias
401 1724 482 1793 alius
495 1728 617 1816 generis
625 1729 831 1822 percipiatur.
857 1729 954 1796 Unde
969 1729 1049 1798 hoca
1066 1732 1224 1820 quoniam
1245 1721 1437 1798 imbecillitas
1453 1730 1549 1823 partis
1564 1729 1599 1793 dc
1615 1731 1733 1797 vitium

302 1824 395 1904 iuvat
413 1820 503 1889 istam
521 1824 747 1916 proclivitatem
765 1825 919 1904 catarthi,
943 1828 1042 1892 immo
1068 1826 1170 1895 veluti
1190 1827 1321 1901 irritat,
1346 1825 1471 1922 prolicit
1492 1842 1592 1919 atquc
1616 1846 1733 1922 provo-
1782 1856 1788 1867 ·

306 1935 385 1986 cat.
422 1921 525 2014 Qod
543 1921 759 1990 mediusfidius
779 1922 959 1991 mirandum
983 1921 1052 2000 est,
1078 1925 1211 1992 maxime
1224 1944 1328 2001 vcto,
1361 1940 1487 1992 exemto
1501 1923 1595 1992 dente
1616 1924 1733 1992 fludu-

303 2039 388 2083 num
402 2037 610 2112 provocatore
623 2037 690 2086 tam
710 2038 837 2114 repente
851 2019 980 2090 fluxum
995 2019 1175 2091 consistere.
1202 2025 1275 2090 Hoc
1290 2020 1468 2119 exemplum
1493 2016 1563 2092 satis
1587 2044 1645 2091 nos

302 2111 364 2182 tesi
377 2116 525 2185 inducere
544 2117 584 2183 ad
599 2119 811 2208 cognitionem
826 2115 1177 2216 receptionis-febrium.
1204 2121 1294 2190 Nam
1317 2120 1479 2189 neocliario
1493 2123 1525 2190 in
1544 2140 1653 2194 ventre
1667 2046 1730 2191 ii:-

302 2215 425 2283 tuenda
439 2212 484 2284 est
498 2214 643 2283 diathesis
670 2216 785 2293 mala,
809 2219 922 2286 eodc'm
940 2220 1037 2288 modo
1057 2212 1157 2290 viscus
1180 2220 1311 2313 aliquod
1334 2242 1491 2316 occupans
1515 2267 1526 2298 ,
1551 2243 1587 2293 ac
1611 2223 1727 2291 vitrum

298 2313 428 2383 dentem
446 2307 566 2411 ipsum:
592 2313 711 2407 illaque
728 2316 893 2394 diathesis,
914 2319 1132 2387 &infirmitas
1148 2322 1263 2413 partis,
1287 2322 1323 2387 dt
1348 2320 1465 2387 vitium
1489 2320 1728 2413 corruptionem

303 2412 443 2483 alimenti
461 2415 495 2482 in
616 2409 707 2493 facit,
733 2419 769 2486 dc
783 2432 892 2484 motus
910 2414 1054 2483 humoris
1077 2417 1222 2508 ejusqui
1246 2410 1335 2482 facile
1358 2431 1533 2492 mouetur,
1558 2407 1649 2481 causa
1672 2411 1728 2483 elle

301 2510 418 2607 potest.
446 2515 485 2581 Et
500 2432 624 2581 εἴη
637 2513 785 2589 diathesr,
811 2516 890 2582 vitio
905 2516 1002 2609 partis
1016 2513 1176 2590 conecto,
1200 2533 1323 2580 necnon
1341 2505 1473 2583 aram,
1496 2501 1725 2597 ἐμπυρῶμπς,

298 2606 395 2680 cesl'at
409 2630 534 2688 motus,
558 2614 711 2689 irritatio,
736 2614 985 2708 provocatioque
998 2613 1175 2679 humorum
1194 2605 1312 2688 febris,
1336 2628 1396 2678 aut
1415 2608 1521 2675 similis
1555 2607 1726 2679 afftdionis

301 2709 489 2779 iustorum.
518 2713 701 2804 Eodemque
718 2710 815 2778 modo
829 2705 921 2780 febris
934 2711 974 2779 ali
1000 2733 1042 2778 ua
1059 2709 1255 2807 particularis
1266 2708 1324 2778 elic
1334 2703 1452 2806 potest·
1480 2706 1578 2777 Unde
1590 2707 1726 2804 quidam

296 2827 431 2975 sparppnt
444 2831 499 2888 os,
523 2809 715 2913 aur'eaput,
739 2735 1086 2883 mammutium
1104 2808 1226 2888 videri,
1249 2808 1325 2885 aest
1348 2801 1427 2876 febri
1457 2808 1637 2905 particulari
1655 2827 1726 2905 prc-

330 2928 357 2975 er
394 2927 528 2976 eretur.-

299 3042 308 3076 η
351 3008 423 3100 Qi
443 3008 616 3083 frustm
632 3001 911 3105 mulieresquibus
927 3010 1039 3079 mensis
1065 3004 1306 3107 supprimitur,
1329 3007 1369 3074 dc
1391 3000 1532 3095 dolore(
1546 3029 1643 3101 quern
1668 3031 1725 3078 vo
1750 3040 1874 3100 m„

296 3124 375 3173 cant
386 3115 396 3189 )
423 3103 572 3174 stomachi
587 3110 977 3202 querantur,'tlicantque
1003 3101 1167 3177 habercsc
1191 3102 1391 3175 manifestum
1419 3106 1584 3191 cujusdam
1608 3106 1725 3201 ponde·
1750 3125 1892 3185 eaerum.

260 3233 275 3249 2
299 3206 341 3271 ris
359 3198 404 3270 ibi
430 3199 641 3275 incumbentis
655 3200 775 3280 l'enfum
791 3225 802 3277 ἓ
819 3211 882 3286 ain
900 3211 1018 3276 circum
1045 3229 1080 3274 os
1105 3205 1271 3277 ventriculi
1297 3197 1422 3294 sanguis
1445 3203 1630 3295 colligitur?
1656 3204 1725 3270 Ne·
1750 3207 1891 3278 adparere.

297 3323 488 3396 quaquam.
515 3304 574 3372 Sed
593 3305 624 3371 id
642 3307 680 3374 lit
699 3327 826 3402 propter
843 3308 963 3400 hepatis
977 3308 1067 3374 strnas
1084 3330 1160 3399 qua
1176 3298 1328 3395 sanguine
1344 3299 1480 3406 oppleta
1503 3296 1601 3377 funt,
1626 3306 1661 3371 &
1681 3304 1724 3370 ita
1748 3287 1883 3362 ³7ata3·

297 3399 401 3494 hepar
412 3402 655 3491 quodammodo
669 3407 798 3492 gravius
811 3404 976 3479 redditur,
1002 3408 1035 3469 &
1074 3424 1180 3498 ropret
1196 3398 1354 3494 sanguinis
1378 3402 1666 3477 conculcationem,
1691 3405 1727 3472 δι
1749 3368 1863 3507 'gff'd'j

294 3491 435 3613 speciem
450 3498 627 3588 quamdam
647 3492 803 3584 impolitae
827 3521 893 3565 non
918 3427 1148 3567 habentinam
1167 3518 1319 3576 motum,
1343 3501 1378 3566 δι
1402 3500 1542 3592 impetus
1568 3498 1726 3566 naturales
1747 3463 1849 3603 :p'pmffi
1865 3474 1888 3512 '⁴

298 3590 509 3689 adripuisse.
534 3598 620 3690 Qae
628 3589 788 3674 causaest,
812 3598 1023 3681 meoiudicio,
1045 3618 1105 3665 cur
1118 3594 1265 3694 ponderis
1276 3590 1499 3691 gravitatisque
1510 3589 1609 3665 sensus
1617 3615 1725 3664 tantus
1748 3614 1892 3692 amnas,

296 3695 379 3761 inea
394 3710 484 3787 parte
499 3693 552 3761 stt.
578 3694 637 3763 Sed
657 3714 716 3763 cur
730 3719 796 3766 non
809 3699 842 3765 in
860 3690 1006 3794 partibus
1014 3697 1143 3790 reliquis
1158 3697 1241 3765 idem
1256 3698 1430 3792 contingit?
1456 3698 1610 3789 quoniam
1619 3696 1724 3793 positis
1741 3698 1832 3772 solvit

299 3784 534 3888 paribuscausrs
551 3793 668 3861 doloris
678 3797 756 3863 inca
770 3799 906 3865 maxime
913 3815 971 3864 aut
986 3796 1093 3873 dolor,
1109 3815 1169 3864 aut
1178 3789 1279 3864 sensus
1293 3797 1454 3887 gravitatis
1462 3793 1565 3872 adest,
1580 3818 1655 3886 qua
1671 3816 1724 3862 cx-
1747 3783 1867 3856 quastio-

323 3890 472 3959 uisrtioris
488 3884 590 3960 sensus
603 3890 663 3960 est.
693 3895 823 3962 Accedit
833 3894 923 3987 quod
938 3918 1043 3987 quum
1065 3913 1278 3990 paucerum,
1304 3912 1377 3990 pote
1394 3910 1452 3960 aut
1479 3897 1649 3969 viriatum,
1666 3913 1724 3961 aut
1746 3882 1829 4005 zap·
1854 3967 1880 4001 es

295 4009 320 4055 ο
378 3987 381 3994 ’
409 3984 660 4059 ἃυηιηοηΙὶὶκτ
675 3992 836 4069 srtexitus,
862 3987 983 4060 sursum
992 3995 1029 4059 fit
1045 3992 1206 4069 refluxus,
1231 4010 1266 4060 ut
1281 3990 1436 4059 testantur
1459 3993 1724 4059 vomitionesctu·
1748 3969 1851 4101 qauz:

294 4105 396 4166 uitat,
420 4083 606 4158 mulieribus
621 4114 684 4157 non
701 4084 1042 4158 menstruisconsuctae.
1071 4092 1196 4158 Mirum
1218 4092 1326 4180 itaque
1342 4088 1473 4164 ronst,
1498 4088 1520 4154 fi
1546 4088 1640 4179 hujus
1656 4111 1727 4157 ma·
1746 4113 1872 4184 masten

297 4189 391 4255 ximae
408 4181 627 4285 suppttllionis
643 4192 759 4285 primas
773 4208 862 4257 notas
888 4195 923 4259 δε
939 4190 1057 4257 damna
1074 4209 1109 4256 os
1134 4188 1304 4259 ventriculi
1321 4180 1436 4256 habeat
1459 4208 1495 4255 ac
1518 4182 1597 4257 ferat
1623 4238 1630 4255 .
1658 4190 1723 4255 lm·
1742 4194 1858 4270 suppre-

296 4307 355 4354 mo
370 4288 463 4354 initio
473 4283 613 4356 febrium
627 4309 738 4381 quum·
747 4291 884 4357 maxima
897 4286 942 4357 est
957 4288 1174 4379 cacochymia‚
1198 4288 1279 4354 circa
1289 4285 1502 4356 ventriculum
1518 4287 1639 4357 dolores
1650 4281 1722 4354 funt
1746 4292 1890 4342 mensur,

296 4387 428 4454 meinai
440 4427 458 4462 ‚r
473 4383 565 4480 quod
583 4391 700 4456 circum
717 4411 785 4456 eam
804 4408 925 4485 partem
942 4393 1083 4486 primum
1102 4386 1263 4457 tumultus
1279 4386 1377 4455 liant.
1402 4385 1613 4480 Hippocrates
1623 4381 1721 4454 'refert
1747 4357 1878 4495 ΜΨ

295 4483 341 4552 tad
359 4485 453 4580 ipsius
461 4485 605 4587 hepatia.
626 4491 843 4558 &vicinarum
851 4478 1450 4585 partiumquamdamintumefccntiam
1461 4483 1725 4554 &elevationem
1747 4459 1870 4581 mm,

347 4583 418 4676 Qui
435 4586 472 4651 fit
482 4605 519 4652 ut
534 4608 668 4681 corpora
687 4580 868 4664 servorum,
894 4592 927 4654 δι
944 4581 1105 4655 servarum
1123 4585 1222 4658 duta,
1246 4580 1426 4677 compasta,
1453 4574 1567 4658 solida,
1593 4606 1656 4648 non
1669 4581 1721 4648 lu-
1748 4605 1846 4661 ericen

296 4674 395 4749 bticae
415 4676 567 4761 sanitatis,
592 4703 629 4751 ut
644 4709 776 4781 corpora
792 4678 986 4759 liberorum,
1010 4675 1087 4777 sapic
1103 4684 1135 4747 in
1151 4672 1270 4747 morbis
1280 4727 1297 4765 ,Ι
1315 4672 1583 4776 purgationibus,
1609 4685 1644 4748 δι
1670 4703 1725 4751 vc·
1748 4702 1867 4759 querun-

294 4800 347 4847 ηε
366 4772 557 4850 stabilibus
575 4779 695 4854 facilius
725 4778 935 4861 obruantur,
966 4797 1181 4880 premantur,
1204 4775 1437 4870 defciantquce
1471 4800 1570 4869 quam
1594 4800 1647 4844 cor
1691 4801 1725 4842 ra
1750 4784 1838 4869 ¹1¹&

294 4899 373 4970 quae
393 4872 464 4947 funt
483 4886 656 4976 apertiora,
682 4883 847 4959 molliora,
873 4876 1058 4951 subtiliora?
1085 4880 1189 4946 immo
1205 4868 1543 4948 testamur-observasse
1567 4896 1625 4940 nos
1657 4897 1723 4968 epe
1745 4855 1858 4996 ζὲ;”·1”

294 4971 450 5061 ejusmodi
466 4999 601 5074 corpora
624 4978 751 5051 facilius·
766 4979 991 5056 λυποθυμεῖι,
1027 4979 1055 5057 ῤ’
1086 4970 1239 5043 ciascun
1254 4978 1297 5044 -ilt
1325 4972 1520 5070 purgando,
1541 4975 1719 5130 &1:331OE
1746 4968 1849 5074 sm:
