4534 5850
534 512 616 585 ΕΤ
665 494 1570 588 ΕΡΗΕΜΕΚΙΒΠΜΛΙΒΛ(
1649 525 1686 596 5¹
1846 593 1852 607 ι

332 673 469 732 uum?
497 656 583 727 Mihi
602 657 691 729 valde
707 652 835 725 difficile
853 655 982 725 videtur
997 652 1147 731 stamme,
1171 649 1292 744 quibus
1317 656 1350 720 in
1365 648 1502 731 morbis,
1525 654 1678 746 quando,
1708 652 1743 723 ἀ
1763 605 1880 740 pm..
1920 692 1932 720 ·.

331 757 506 850 quomodo
520 758 578 824 hoc
601 756 637 825 sit
656 748 891 852 usurpandum.
925 756 1018 822 Forte
1031 753 1127 838 hujus
1141 755 1184 818 rei
1209 754 1352 845 cognitio
1366 754 1499 850 petenda
1517 755 1577 820 erit
1594 772 1633 823 ex
1647 753 1754 822 Gom.
1769 759 1909 824 dindar-

336 873 421 952 part.
445 876 498 920 ir.
515 858 549 924 δι’
568 875 624 922 22.
640 849 697 922 lib.
715 869 747 938 4.
761 856 942 924 acutorum
952 898 964 930 ,
976 846 1034 920 ubi
1050 868 1088 919 eii
1102 846 1233 946 professo
1250 853 1288 919 ‹ie
1305 849 1745 952 premittendaphlebotomia
1756 862 1842 939 ,run
1855 862 1903 901 *θ’

337 956 519 1050 purgationi
534 952 641 1022 docet.
670 957 750 1023 Item
764 974 801 1022 eii
820 954 917 1022 Corn.
934 952 975 1019 ad
991 968 1070 1047 part.
1089 954 1120 1014 6.
1139 943 1208 1021 seer.
1234 969 1262 1016 i.
1278 944 1335 1016 lib.
1364 958 1396 1017 6.
1427 954 1520 1048 Epid.
1544 953 1602 1021 Sed
1629 945 1747 1021 nullibi
1770 929 1871 988 'W’

338 1057 495 1147 apertius,
518 1075 619 1146 quam
643 1072 711 1152 cap.
728 1076 762 1138 4.
788 1046 843 1122 lib.
869 1052 909 1119 de
929 1051 1059 1118 Renum
1086 1048 1188 1117 asse&
1214 1052 1247 1118 Si
1280 1041 1363 1135 (ait')
1395 1046 1610 1144 phlebotomia
1634 1070 1748 1147 corpus
1770 1011 1911 1150 mff

336 1154 555 1229 evacuaveris,
580 1152 805 1221 Catharticuiri
818 1171 927 1229 venas,
949 1151 1077 1218 arterias
1100 1153 1134 1217 &
1161 1150 1265 1217 inanes
1290 1153 1593 1238 regioiiesinveniet,
1617 1173 1749 1244 nonop-
1772 1172 1897 1246 mss,-

337 1249 448 1345 pietas.
476 1253 527 1320 Ita
544 1247 631 1320 facile
655 1254 688 1319 in
711 1268 820 1319 totum
843 1269 959 1347 corpus
982 1246 1132 1346 pervadet
1157 1247 1198 1313 ad
1223 1247 1426 1317 attrahendos
1459 1243 1581 1327 succos,
1604 1254 1639 1319 &
1664 1246 1749 1316 sicile
1771 1264 1829 1322 rius
1853 1296 1863 1320 .
1890 1311 1893 1325 ,

337 1347 512 1418 educentur
534 1342 580 1416 ob
604 1372 718 1418 corum
741 1347 893 1418 fufiorrem
918 1352 953 1418 &
977 1350 1182 1416 tenuitatem.
1207 1348 1239 1416 si
1254 1367 1366 1416 coiitra
1390 1341 1462 1417 vasa
1484 1351 1688 1445 repleantur,
1704 1340 1752 1413 ob

336 1446 568 1543 plenitudinem
586 1451 619 1518 in
637 1466 750 1547 corpus
770 1449 1035 1518 medicamentum
1052 1469 1117 1513 non
1130 1440 1301 1519 deseretur.
1330 1445 1427 1516 Unde
1450 1466 1507 1517 aut
1515 1443 1677 1523 subsistet,
1694 1463 1751 1514 aut

337 1544 379 1613 nil
397 1540 479 1614 bene
493 1543 598 1635 saciet.
692 1564 698 1573 ·
1077 1588 1079 1595 ·
1708 1580 1715 1595 ·

383 1648 505 1744 Qum
528 1645 714 1733 comesturis
737 1645 894 1740 affequer'e
916 1663 975 1714 aut
998 1647 1124 1718 fluxum
1147 1642 1216 1716 alvi
1232 1646 1499 1729 adversaturum,
1522 1665 1580 1717 aut
1598 1647 1751 1717 vomitio-

337 1763 431 1819 uem,
454 1763 512 1811 aut
528 1763 707 1838 utrumque
733 1750 841 1844 potius
856 1748 890 1811 iri
905 1767 1024 1812 morem
1041 1744 1173 1815 choierae
1197 1741 1300 1814 morbi
1324 1792 1336 1826 ‚
1359 1767 1434 1815 cave
1458 1770 1497 1814 ne
1521 1767 1662 1840 purgans
1685 1745 1776 1833 agi-¹

333 1856 446 1911 tansve
463 1841 516 1907 des
540 1844 820 1933 maiicamentum.
845 1843 937 1912 Nam
962 1841 1140 1939 periculum
1155 1843 1226 1910 inde
1258 1836 1336 1938 sape
1358 1849 1481 1911 evenit.
1517 1846 1607 1913 Nam
1641 1842 1754 1934 agitati

335 1937 490 2005 humores
514 1939 616 2008 valide
639 1941 759 2008 multos
772 1946 817 2009 ’δι
841 1960 953 2033 graves
975 1942 1112 2010 excitant
1137 1941 1319 2021 tumultus,
1344 1949 1445 2009 immo
1469 1947 1502 2011 &
1527 1936 1692 2037 syncopa,
1717 1942 1752 2006 δι

335 2035 399 2105 alia
420 2031 595 2125 ejusmodi,
620 2060 694 2130 quae
710 2032 809 2106 mlent
826 2042 985 2106 innocenti
1011 2034 1111 2135 perse
1135 2040 1363 2115 medicamento
1387 2036 1537 2119 attribui,
1568 2041 1667 2133 idque
1691 2042 1751 2106 iin-

336 2136 469 2201 merito.
498 2135 645 2204 Declarat
670 2139 763 2229 virgo
787 2137 935 2205 fidelitate
959 2138 1066 2233 plena.
1093 2140 1204 2233 Atque
1228 2161 1266 2217 eo
1290 2139 1387 2208 modo
1412 2142 1751 2234 viderurintetpretan-

334 2233 376 2301 da
401 2235 512 2328 opinio
536 2236 691 2331 Hippocr.
716 2256 821 2327 quum
836 2239 902 2312 ait,
926 2239 1061 2328 eosqui
1087 2258 1186 2334 pravo
1208 2256 1348 2307 utuntur
1371 2232 1463 2316 cibo,
1487 2260 1567 2327 aegre
1591 2232 1753 2328 ferrepur-

336 2335 494 2423 gatiories.
522 2333 669 2425 Virgines
692 2335 935 2427 intemperantes
958 2329 1047 2404 facilc
1075 2358 1096 2402 a
1121 2335 1349 2406 medicamento
1382 2330 1628 2432 perturbantur.
1662 2332 1753 2398 ldeo-

335 2451 402 2523 que
427 2429 489 2497 iilic
513 2424 752 2525 circumspectos
774 2429 832 2498 esse
855 2448 999 2527 oportet.

384 2527 528 2596 Cuidam
546 2531 616 2599 viro
631 2532 782 2597 continua
799 2524 976 2606 laboranti,
1000 2554 1067 2627 prae
1080 2532 1184 2602 calore
1200 2525 1305 2600 sebrili
1327 2531 1458 2600 decotlo
1472 2528 1532 2600 stre
1557 2526 1750 2600 &hasienus

335 2626 397 2694 fine
421 2627 564 2694 remediis
587 2627 736 2698 derelicto
759 2625 972 2723 intempestive
999 2628 1143 2697 Medicus
1168 2650 1296 2702 vocatus
1320 2652 1433 2700 venam
1455 2623 1551 2698 secuit
1574 2634 1608 2698 &
1633 2625 1754 2695 utdie-

336 2746 410 2793 nim
426 2721 612 2821 supputatio
626 2745 714 2803 erat,
733 2748 836 2794 nonus
850 2730 914 2795 dies
929 2724 990 2795 sere
1007 2729 1134 2798 aderat:
1161 2732 1191 2798 A
1207 2723 1288 2798 secra
1304 2752 1385 2801 vena
1394 2748 1546 2798 recreatus
1556 2730 1732 2826 plurimum
1741 2768 1752 2803 ‚

336 2820 465 2891 duabus
479 2825 565 2889 horis
580 2821 650 2918 post
664 2818 780 2891 oborto
804 2819 915 2893 sudore
939 2820 1065 2921 copioso
1079 2831 1212 2897 interiit.
1239 2827 1270 2896 Si
1290 2834 1428 2897 materia.
1443 2849 1553 2927 parata
1569 2824 1691 2899 initiet,
1716 2825 1751 2890 δε

337 2924 475 2992 remedia
494 2940 636 3019 tempore
660 2916 830 3018 usurpata,
855 2929 888 2992 lit
914 2927 993 2993 vires
1017 2919 1197 2996 suffecissent
1213 2928 1254 2996 ad
1268 2929 1468 2997 tolerandum
1483 2929 1576 2997 illum
1603 2919 1749 2993 sudorem

336 3026 500 3099 criticum,
523 3038 582 3088 aut
606 3020 630 3089 si
654 3040 769 3090 natura
794 3044 860 3089 non
884 3041 951 3090 tam
973 3026 1037 3091 cito
1059 3026 1149 3093 crism
1174 3021 1243 3121 post
1256 3021 1506 3121 phlebotomiam
1524 3021 1661 3118 aggressa
1674 3013 1752 3088 futs-
1775 2980 1919 3119 sss?

337 3117 402 3199 set,
429 3121 473 3189 nil
499 3120 571 3187 inde
595 3120 725 3217 periculi
749 3117 853 3190 ficisset
875 3114 1072 3196 insecutum.
1100 3126 1190 3191 Hinc
1208 3119 1319 3191 discere
1352 3144 1475 3221 oportet
1501 3171 1511 3200 ,
1547 3111 1750 3218 periculosam
1771 3144 1860 3214 pm,

337 3241 465 3290 omnem
484 3222 741 3304 evacuationem,
766 3239 825 3288 aut
848 3221 901 3289 die
916 3223 1025 3290 critico
1031 3214 1197 3318 prasente,
1220 3241 1276 3291 aut
1284 3221 1437 3300 instante,
1454 3215 1650 3319 praesttimsi
1666 3237 1752 3282 mor·
1773 3218 1837 3298 cnfl
1849 3244 1919 3284 eva·

337 3311 371 3388 bi
385 3314 516 3386 historia
529 3318 567 3385 sit
590 3310 670 3404 bore
687 3320 850 3387 ordinata.
877 3322 983 3386 immo
1007 3324 1041 3387 δι
1066 3315 1144 3415 saepe
1160 3322 1326 3396 vidimus,
1357 3325 1611 3418 experientiaque
1639 3315 1753 3382 didici·
1774 3310 1865 3402 ‘⁸⁴²{0

327 3415 520 3490 .mus,tlato
544 3414 773 3481 medicamento
790 3437 855 3480 non
879 3414 991 3481 ualido
1015 3408 1100 3481 serito
1123 3416 1193 3493 die,
1217 3423 1280 3499 jam
1305 3411 1436 3510 septimo
1460 3436 1624 3509 appetente
1642 3433 1752 3502 graves
1776 3404 1915 3483 φημ’

334 3519 374 3587 δι
399 3504 588 3608 periculosas
612 3503 836 3592 irreprehensae
851 3506 1002 3573 attulisse.
1027 3509 1115 3577 Nam
1131 3527 1220 3577 tanta
1244 3515 1416 3594 commotio
1438 3513 1587 3588 affertur,
1611 3528 1648 3577 ut
1673 3502 1754 3595 sym·
1777 3466 1915 3544 ''mm“

337 3611 513 3711 promatica
527 3606 601 3674 inde
615 3599 829 3700 consequatur
840 3608 1023 3676 evacuatio.
1049 3608 1137 3678 Nam
1162 3611 1304 3690 mixtim,
1329 3602 1474 3690 consule,
1508 3614 1541 3678 δι
1574 3598 1753 3705 promiscue

327 3711 447 3779 'omnia
461 3724 594 3777 evacuat
609 3722 740 3771 natura.

349 3859 351 3864 .
387 3810 527 3877 Socrates
550 3822 613 3871 tres
634 3807 698 3894 jam
721 3803 787 3873 dies
810 3798 904 3871 febre.
919 3805 1070 3873 continua
1088 3798 1268 3884 laboravit,
1293 3826 1410 3901 quarto
1442 3807 1492 3876 die
1518 3807 1659 3905 pleuritis
1688 3808 1752 3873 ori-

337 3921 412 3977 tur:
437 3927 479 3974 aii
502 3894 633 3999 septimo
657 3901 707 3968 dic
730 3905 830 3971 totius
855 3896 958 3969 morbi
982 3923 1056 3972 tuto
1080 3899 1168 3973 seeiri
1194 3928 1272 3974 vena
1299 3905 1415 4004 potest,
1440 3910 1496 3997 qni
1522 3908 1586 3973 dies
1611 3906 1754 4000 pleuriti-

337 4006 387 4073 dis
404 4023 532 4073 tantum
549 4002 659 4068 tertius
673 3995 735 4068 esti
758 3995 934 4093 Numquid
950 4002 1030 4070 crisis
1046 3998 1178 4099 septimo
1196 4003 1252 4071 illo
1265 4005 1315 4072 die
1339 4012 1416 4072 oriri
1434 4002 1551 4099 potest:
1577 4007 1612 4070 δι
1636 4005 1753 4070 interea

338 4104 363 4184 fi
387 4124 467 4175 vetra
478 4095 612 4175 satur,
637 4098 808 4168 verendum
821 4122 859 4167 ne
874 4099 996 4191 aliquid
1013 4108 1135 4172 eveniat
1150 4100 1277 4170 sinistri?
1301 4098 1624 4195 Hocvidimnssaepe,
1647 4122 1752 4193 quum

337 4202 433 4272 certio
448 4219 506 4268 aut
530 4217 650 4291 quarto
664 4197 714 4264 die
728 4201 833 4265 oritur
847 4198 989 4293 pleuritis
1012 4219 1150 4291 augetur
1173 4194 1265 4268 sebris
1288 4248 1300 4279 ,
1331 4225 1405 4295 quae
1430 4200 1591 4271 essentialis
1615 4199 1751 4276 dicitur,

338 4306 373 4370 ar
400 4301 516 4396 partim
539 4295 772 4375 «assentiebant,
797 4300 912 4392 partim
930 4290 1189 4396 symptomatica.
1216 4299 1304 4370 Nam
1320 4323 1377 4398 per
1390 4296 1555 4371 sectionem
1565 4299 1750 4394 venaepleu·

337 4400 429 4470 ritide
445 4390 612 4466 remissiore
631 4390 738 4470 facea,
757 4394 906 4462 remissior
931 4417 1063 4492 quoque
1078 4401 1117 4468 fit
1134 4391 1247 4467 febris.
1388 4451 1390 4455 .
1773 4390 1914 4484 *sibor-9·

351 4551 355 4558 .
388 4498 556 4595 Qiaeritur
580 4519 621 4562 an
643 4492 826 4586 desipientia
850 4495 936 4562 locus
960 4497 1016 4565 esse
1085 4495 1142 4565 tesi
1169 4500 1200 4563 in
1224 4498 1394 4568 inanitione
1420 4542 1429 4571 ,
1460 4503 1539 4589 quia
1568 4493 1749 4588 desipientes
1774 4472 1824 4534 Μ·
1842 4482 1873 4533 ⁶·

338 4617 449 4666 omries
474 4595 577 4665 vaide
600 4594 723 4684 agitant
757 4592 892 4668 Medici,
916 4597 950 4661 δι
984 4522 1115 4663 srniiia.
1151 4593 1304 4689 Hippocr.
1338 4600 1370 4662 in
1403 4588 1550 4688 Aphoris
1582 4592 1674 4671 docet
1704 4583 1749 4656 ob
1776 4646 1834 4694 uon
1858 4651 1915 4690 m,

339 4696 478 4765 iiuoiem
496 4692 559 4763 alvi
574 4711 724 4782 magnam
748 4690 961 4785 desipientiam
980 4696 1179 4784 contingerea
1200 4713 1241 4759 aii
1257 4711 1335 4758 tunc
1367 4682 1479 4763 venam
1511 4682 1648 4759 secabise
1679 4688 1748 4755 Ne·
1773 4738 1822 4778 ,m
1842 4710 1912 4785 defi.

335 4813 526 4888 quaquam.
554 4789 688 4882 Alioqui
713 4791 745 4857 in
769 4812 865 4881 grave
890 4792 1070 4885 periculum
1096 4791 1380 4879 egros-adduces.
1413 4791 1454 4857 Et
1487 4794 1519 4856 in
1554 4786 1750 4883 prorrhetito
1770 4800 1876 4871 pierres

342 4889 552 4990 phrenitidem
569 4891 743 4956 maniacam
758 4895 802 4957 ait
826 4891 1023 4978 contingere,
1047 4895 1081 4961 bt
1105 4882 1151 4956 ob
1175 4891 1344 4976 malignam
1368 4888 1576 4981 qualitatem,
1599 4899 1672 4973 pote
1686 4875 1749 4945 hu·
1773 4882 1892 4935 medica·

340 5015 428 5079 iiiote
456 4980 569 5060 biliosa
590 4981 744 5067 russato,
774 4992 808 5060 δι
840 5006 968 5086 propiet
992 4991 1203 5084 ‚immoretur
1234 4990 1421 5057 siccitatem.
1451 4980 1554 5072 Qud
1564 4962 1872 5142 afflfflfffwm

424 5144 428 5155 .
512 5145 516 5154 .
1259 5088 1293 5154 D
1346 5105 1365 5149 a
1578 5151 1589 5173 χ
1688 5101 1706 5122 “
