4534 5850
279 2223 280 2226 ,
412 2177 442 2232 6.

552 497 619 549 iou
825 465 1653 552 EPIDEMIORUM

535 623 675 724 'Qibus
698 648 815 702 natura
832 634 949 701 infirmi
966 647 1053 699 erant
1070 628 1254 727 pulmones,
1279 631 1314 697 &
1338 627 1462 702 vitiati,
1486 623 1540 695 iil·
1556 623 1722 718 derepente
1739 627 1774 693 in
1806 621 1928 703 febrem

493 733 690 808 inciderunt,
713 735 747 799 in
763 731 886 798 dolores
900 731 1023 809 lateris,
1047 733 1079 797 iii
1106 733 1411 823 peripneumonias,
1436 745 1509 817 quae
1531 728 1616 794 intra
1631 728 1779 819 quinque
1812 731 1849 797 δι
1881 725 1927 798 se-

496 848 583 926 ptem
600 829 664 897 dies
680 850 817 898 mortem
842 830 1036 901 attulerunt.
1065 827 1191 895 Multos
1215 823 1360 895 interiisse
1381 821 1538 892 vidimus.
1564 825 1635 918 Qui
1657 828 1765 919 primo
1790 850 1928 922 quoque

495 945 637 1025 tempore
654 932 772 1016 curati,
797 948 969 1020 antequam
984 919 1078 994 febris
1100 924 1196 997 ousta
1215 920 1329 1000 suisset,
1356 927 1391 993 δι
1414 921 1543 992 auxisset
1561 917 1654 990 usum
1680 918 1896 1021 respirationis
1918 977 1929 1009 ‚

496 1027 520 1094 ii
538 1021 600 1094 sere
614 1021 797 1105 evaseruut.
823 1028 912 1099 Nam
933 1027 1015 1095 dum
1040 1018 1134 1093 febris
1159 1046 1273 1116 magua
1289 1020 1333 1092 est
1357 1070 1369 1101 ,
1393 1020 1465 1092 licet
1482 1024 1642 1118 ,primum
1666 1019 1773 1118 ipsum
1799 1024 1930 1122 pulmo-

495 1145 570 1193 riem
588 1149 653 1193 non
672 1125 709 1193 lit
733 1120 864 1205 adorsa,
888 1144 1013 1221 oportet
1029 1126 1138 1214 augeri
1158 1118 1253 1191 usum
1271 1117 1508 1218 respirationis,
1532 1125 1567 1191 δι
1592 1122 1693 1217 duplo
1718 1126 1822 1216 magis
1856 1125 1930 1223 pul-

494 1245 623 1296 monem
638 1227 778 1295 moveri.
805 1228 845 1295 Et
863 1224 901 1291 sic
920 1247 994 1317 qua
1020 1224 1101 1292 ratio
1125 1218 1170 1290 est
1189 1227 1288 1291 totius
1312 1221 1451 1317 corporis
1466 1223 1615 1315 impuri,
1638 1220 1749 1292 eadem
1776 1227 1811 1293 &
1835 1229 1929 1293 utrius

341 1336 386 1389 n·
418 1324 479 1403 pul·
495 1326 609 1418 partis.
636 1324 682 1393 At
702 1324 810 1416 siquis
833 1330 980 1418 impurus
999 1313 1143 1399 laborat,
1169 1323 1204 1390 dt
1226 1340 1402 1395 exercetur,
1427 1318 1531 1388 ulcera
1548 1341 1748 1417 erumpunt:
1774 1322 1814 1391 sic
1841 1323 1930 1393 sira·

341 1428 456 1506 ’ΝΡ
498 1424 585 1490 tione
607 1421 693 1491 audii
716 1423 827 1491 caloris
850 1422 965 1520 pulmo
985 1420 1089 1517 duplo
1114 1424 1214 1510 magis
1238 1438 1415 1494 movetur,
1449 1418 1552 1510 siqua
1576 1413 1691 1497 labes,
1717 1439 1775 1491 aut
1799 1416 1930 1500 sanies,

341 1493 463 1556 ''mh‘'
498 1538 557 1589 aut
572 1512 720 1590 abscessus
737 1521 853 1598 latens,
876 1540 933 1591 aut
958 1521 1067 1598 uleus,
1089 1541 1126 1588 ea
1151 1512 1210 1585 sese
1228 1514 1453 1586 manifestant.
1481 1517 1579 1587 Unde
1604 1520 1771 1615 inopinato
1794 1518 1865 1619 post
1889 1518 1931 1590 se-

500 1612 570 1688 bres
594 1622 684 1716 parvi
704 1621 878 1695 momenti,
901 1620 1066 1717 derepente
1091 1610 1227 1686 succedit
1249 1612 1359 1714 lpecies
1383 1615 1529 1709 quedam
1545 1607 1627 1686 salst
1652 1621 1930 1715 peripneumonia,

401 1686 431 1749 ς’
498 1740 573 1813 qua:
590 1721 743 1788 excitatur
761 1721 794 1788 iii
815 1717 996 1816 pulmone,
1021 1723 1079 1812 qui
1104 1735 1251 1789 movetur
1276 1716 1374 1788 veluti
1392 1734 1552 1788 commota
1576 1718 1764 1787 camarina:
1798 1717 1872 1789 idest
1895 1742 1929 1789 ea

500 1835 603 1889 vetere
616 1821 817 1913 impuritate,
840 1840 914 1911 quae
930 1818 1091 1915 pulmonis
1109 1814 1323 1912 parenchyma
1349 1815 1498 1884 offercir.
1524 1811 1671 1884 Testatur
1695 1814 1825 1887 historia
1850 1841 1929 1887 mer-

499 1922 636 1993 catoris,
660 1917 700 1983 ad
716 1917 836 2009 insigne
848 1919 949 1987 trium
965 1915 1173 1985 corollarum.
1201 1915 1268 2004 Qui
1284 1937 1388 2007 quum
1407 1906 1491 1982 febre
1517 1917 1654 2006 exigua,
1679 1919 1714 1984 δι
1731 1917 1828 1986 veluti
1849 1921 1931 2013 typi-

500 2037 539 2085 ea
558 2009 734 2093 laboraret,
759 2036 799 2082 ut
816 2011 879 2085 sere
895 2008 1106 2085 decumbendi
1124 2010 1276 2083 necessitas
1299 2036 1365 2080 nori
1391 2009 1492 2091 effer,
1516 2017 1551 2085 &
1575 2014 1688 2086 flueret
1714 2016 1932 2105 gonorrhoea,

501 2130 541 2181 ut
560 2132 724 2210 propterea
738 2106 952 2193 scetiotem,
976 2137 1048 2207 qua
1064 2106 1368 2279 parumprosutum
1386 2104 1555 2185 videbatur
1576 2158 1588 2191 ‚
1609 2112 1808 2182 differretur:
1835 2119 1934 2183 tertio

499 2210 573 2313 poll
588 2212 639 2280 die
661 2206 863 2282 exacerbatus
880 2210 941 2291 est,
966 2218 1000 2284 dt
1017 2214 1169 2283 contiuua
1215 2203 1279 2278 bris
1299 2213 1432 2287 tenuit,
1456 2207 1599 2282 tussicula
1618 2213 1716 2281 inanis
1736 2258 1747 2288 ,
1771 2212 1932 2282 nonnulla

502 2309 675 2381 difficultas
690 2305 846 2408 spirandi,
869 2307 1072 2407 postmodum
1081 2311 1173 2378 dolor
1182 2309 1286 2379 lateris
1305 2307 1431 2379 sinistri:
1454 2303 1592 2402 sequenti
1601 2308 1652 2381 die
1661 2304 1785 2407 sputum
1793 2316 1933 2387 varium,

502 2431 694 2488 cruentum,
719 2411 811 2508 plane
824 2406 1000 2492 vitiosum,
1023 2409 1261 2508 expedoratum
1280 2407 1350 2486 est,
1374 2410 1463 2479 alvus
1486 2409 1550 2478 lata
1576 2412 1775 2478 excrementis
1798 2401 1934 2480 subviri-
1965 2499 1967 2502 Ι

504 2503 619 2588 dibus,
637 2534 713 2579 cum
729 2506 954 2605 epenthismate
971 2503 1136 2604 spumoso,
1152 2507 1245 2575 aud'ta
1264 2506 1433 2574 difficultas
1450 2503 1604 2600 spirandi,
1628 2502 1747 2592 pi'ilsot,
1771 2502 1930 2594 i'pt'dpenq,

507 2609 611 2676 Nono
630 2628 729 2674 mors.
756 2608 868 2673 Primis
891 2600 1003 2672 diebus
1020 2605 1065 2671 nil
1091 2605 1154 2675 tale
1178 2596 1433 2702 exspectabatur.
1460 2607 1570 2693 Hujus
1593 2609 1639 2677 tei
1660 2612 1812 2680 rationem
1824 2604 1935 2706 paullo

434 2715 444 2736 '
505 2723 578 2776 aute
602 2703 813 2774 reddidimus.

556 2803 700 2870 Domino
713 2801 763 2866 De
781 2790 945 2869 son-lebon
959 2799 1082 2868 dolores
1102 2799 1288 2895 nepliritici,
1312 2799 1427 2872 oblato
1446 2820 1601 2872 autnono
1617 2804 1668 2874 die
1686 2823 1809 2876 excreta
1833 2801 1934 2900 ellper

418 2951 428 2956 -
506 2921 617 3000 penem
637 2902 767 2967 materia
782 2896 978 2978 acidissimo,
1005 2903 1038 2967 δι
1054 2896 1275 2993 frigidissima.
1304 2903 1399 2971 Dixit
1428 2895 1455 2972 se
1480 2905 1570 3000 plane
1594 2904 1806 2975 convaluisse.
1836 2907 1889 2974 An
1905 2900 1935 2972 id

507 3018 674 3071 tantorum
689 2997 841 3068 dolorum
865 2995 959 3068 causa
985 2998 1041 3069 else
1067 3003 1192 3097 potuit?
1218 3004 1267 3068 lta
1292 2995 1391 3080 sarie,
1416 3002 1439 3071 si
1466 3025 1577 3072 verum
1594 3001 1667 3080 est,
1691 3003 1782 3097 quod
1802 3004 1937 3074 Galenus

507 3098 547 3167 de
562 3098 670 3167 dolore
686 3098 820 3168 colicoa
845 3102 959 3195 pituita
985 3106 1084 3169 vitreo
1102 3102 1260 3169 narravit.

561 3200 655 3267 Uxor
672 3200 808 3270 Domini
827 3194 959 3268 Denisot
972 3194 1094 3267 diabere
1127 3191 1314 3267 laborauit.
1349 3195 1498 3266 Eamdem
1523 3198 1647 3265 acidam
1678 3200 1831 3292 pituitam
1859 3222 1938 3270 eum

510 3298 660 3370 asscitum
674 3304 869 3368 committere
894 3299 986 3391 signis
999 3290 1214 3390 colligebant.
1241 3294 1364 3367 Revera
1389 3288 1543 3363 tenasmos
1561 3300 1595 3366 de
1620 3295 1742 3364 dolores
1766 3317 1786 3363 a
1810 3296 1868 3362 tali
1889 3304 1944 3390 pi.

469 3459 471 3463 .
511 3405 596 3471 tutta
611 3418 698 3466 ortos
721 3392 783 3467 sere
797 3397 938 3471 crudeles
961 3400 1093 3469 omuino
1117 3392 1204 3470 seille
1221 3394 1374 3468 vidimus.
1399 3392 1498 3465 Testis
1522 3388 1681 3467 tenasnus
1705 3386 1788 3464 labri
1811 3392 1940 3485 lignarii

509 3518 580 3566 tam
604 3498 795 3567 diuturnus.
867 3537 870 3542 <

564 3599 617 3667 Ari
641 3591 719 3665 bene
741 3594 881 3671 faciunt,
904 3598 962 3685 qui
971 3590 1131 3753 ‘praesumi
1149 3595 1271 3685 aliquid
1290 3613 1363 3660 ante
1384 3588 1638 3686 phlebotomiam
1663 3593 1796 3669 volunt,
1819 3609 1859 3659 ut
1882 3596 1932 3661 vi-

354 3722 418 3786 m·
438 3723 472 3779 δ,
513 3713 560 3758 res
576 3692 719 3760 valeant?
745 3694 955 3783 Hippocrates
987 3707 1117 3755 uorem
1163 3689 1242 3753 reid
1272 3682 1432 3756 faciebat.
1460 3689 1601 3756 Galenus
1625 3714 1692 3757 tion
1715 3683 1862 3788 probat,
1885 3711 1941 3761 trec

354 3806 458 3864 ulceri·-
515 3796 714 3881 interpretes,
735 3786 826 3876 quod
840 3782 952 3850 nostris
975 3788 1111 3877 tempori
1137 3806 1200 3858 us,
1223 3780 1345 3875 quibus
1378 3792 1482 3854 velitri
1500 3785 1714 3879 indulgetur,
1748 3788 1940 3861 uentriculus

355 3890 427 3947 bns.
514 3883 615 3954 multa
631 3885 762 3980 pituita,
787 3900 942 3976 tanquam
972 3874 1139 3951 semieodlo
1163 3880 1334 3961 alimento,
1358 3877 1487 3962 scateat,
1511 3906 1568 3954 nec
1599 3887 1644 3954 ita
1668 3891 1789 3975 jejunus
1807 3887 1873 3966 sir,
1904 3903 1941 3956 ut

356 3972 464 4040 rulu-
516 4003 581 4056 erat
600 4002 740 4079 tempore
756 3983 985 4081 Hippocratis,
1007 3979 1098 4074 quod
1113 3979 1258 4049 homines
1277 3981 1525 4078 temperatlllimc
1548 3987 1714 4056 viverent.
1741 3989 1845 4056 Immo
1866 3984 1877 4068 (
1895 3983 1942 4053 di-

355 4052 485 4207 :¹1:313
517 4101 566 4150 cet
580 4082 715 4246 alicppuir)
739 4078 848 4149 nostro
868 4101 1008 4176 tempore
1022 4101 1125 4172 quum
1151 4079 1254 4148 multa
1268 4081 1304 4149 sit
1328 4083 1486 4160 cruditas,
1511 4107 1578 4154 riou
1603 4090 1709 4155 minus
1732 4083 1943 4157 metuendum

358 4232 426 4272 „m
445 4234 498 4269 ve·
516 4178 632 4248 estviri
681 4201 713 4257 s,
736 4200 836 4269 quam
853 4179 876 4244 si
892 4182 1025 4246 omnino
1052 4199 1168 4247 vacuus
1185 4176 1254 4246 ellet
1272 4181 1485 4249 ventriculus.

357 4299 458 4371 „sps
471 4316 501 4356 ,.
571 4278 683 4347 Vidua
699 4270 848 4344 Barnabae
867 4276 1013 4344 Panthou
1029 4270 1107 4372 saepe
1121 4276 1296 4373 nephritiea
1310 4300 1395 4348 erat.
1424 4280 1610 4372 Aliquando
1624 4304 1642 4352 e
1666 4286 1766 4355 vesica
1781 4278 1943 4354 «lenaeus

359 4399 425 4436 nem
444 4398 478 4437 ui
521 4378 616 4474 lapis.
644 4374 789 4445 Tandem
806 4372 877 4473 poll
890 4375 1011 4446 multos
1033 4374 1158 4441 dolores
1179 4376 1370 4471 nepllriticos
1384 4378 1490 4447 doluit
1513 4385 1631 4475 inguen
1667 4382 1823 4454 sinistrum
1850 4432 1857 4449 .
1887 4382 1943 4455 Fe·
1979 4427 1985 4444 -.

359 4463 438 4519 uini
523 4471 702 4544 bricitavit.
729 4472 814 4546 Mori
828 4480 863 4543 in
889 4478 955 4543 imo
980 4492 1089 4548 ventre
1105 4473 1201 4541 dolor
1215 4494 1282 4544 erat
1305 4471 1529 4547 intolerabilis.
1555 4481 1572 4564 J
1578 4480 1714 4553 ablatio.
1743 4482 1944 4549 Vomitionts

360 4546 503 4605 ''dm'‘
524 4572 669 4646 assidua.
697 4574 802 4642 Immo
816 4575 909 4645 dolor
933 4574 971 4643 ad
985 4574 1110 4673 peetus.
1140 4575 1244 4643 Varia
1259 4575 1434 4647 admodum
1452 4571 1562 4673 species
1576 4600 1666 4649 erant
1686 4580 1823 4650 doloris.
1851 4580 1890 4646 ln
1905 4577 1944 4644 si-

524 4671 622 4742 nistro
639 4669 881 4767 hypochondrio
896 4693 1005 4742 tunior
1031 4664 1204 4769 apparebat
1220 4698 1374 4768 magnai,
1399 4681 1433 4748 δι
1457 4677 1576 4745 durus.
1602 4682 1746 4774 Qidam
1778 4700 1850 4751 vere
1864 4672 1945 4773 sple-

524 4794 597 4841 nem
615 4770 796 4838 intumuille
810 4766 978 4862 dicebant.
1006 4773 1070 4842 Alii
1087 4793 1218 4839 renem.
1245 4767 1348 4845 Febris
1372 4768 1577 4843 marasmodes
1596 4826 1604 4845 .
1629 4776 1909 4852 Conuulfiuncult
1934 4823 1943 4839 .

526 4869 962 4965 Frequoiitesleipothymiae.
988 4868 1203 4940 liivoluntarie
1226 4865 1410 4966 profluebat
1426 4874 1534 4941 urina.
1567 4874 1687 4973 Species
1708 4878 1858 4971 quadam
1881 4893 1947 4948 erat

457 4979 465 5000 ⁸
528 4959 678 5046 diabttae·
705 4969 818 5040 Urina
831 4966 1035 5051 tenuissimas
1060 4965 1400 5068 aliquandocruentae.
1427 4969 1500 5048 eost
1518 4972 1644 5063 inultos·
1661 4978 1808 5054 dolores,
1834 4995 1949 5050 mors·

1776 5077 1904 5181 siml
