4534 5850
476 471 1508 557 ETEPHEMERIDUM,·L113.11.
1614 493 1685 563 139

1716 600 1872 665 “mela-

317 615 434 706 excirat
449 632 560 705 valde.
585 628 701 704 Nescio
723 629 816 709 hoc,
841 629 898 698 nisi
923 628 960 697 fit
983 634 1018 698 in
1037 623 1178 700 febribus
1195 632 1244 701 his
1257 637 1431 732 proprietas
1448 631 1598 728 quaedam
1624 649 1723 729 putre·
1776 687 1861 746 hm

316 735 432 812 dinis,
457 731 597 822 dejiciens
618 734 855 830 appetentiam.
882 730 923 798 Et
946 745 1052 800 umen
1076 750 1149 800 anre
1174 737 1371 811 notavimus,
1406 755 1459 802 eos
1483 728 1570 801 cibos
1604 748 1733 829 appere-
1761 708 1858 831 κζ’,

316 857 352 902 re
378 834 485 909 valde,
509 831 697 901 &miiitum
721 832 847 908 edaces,
871 823 995 924 quibus
1011 853 1126 928 corpus
1149 831 1243 928 ipsius
1267 834 1353 902 lienis
1379 850 1470 929 putre
1494 832 1559 901 cst.
1587 833 1660 900 Hoc
1683 850 1733 897 re-
1756 855 1858 930 sm,

316 936 423 1026 quirit
441 923 585 999 subtilius
608 931 792 1025 ingenium.
819 932 902 1000 Sunt
915 929 974 1022 qui
990 948 1160 999 recurrunt
1177 932 1217 999 ad
1236 936 1386 1028 pituitam
1412 927 1658 1028 putrescentem,
1688 923 1734 996 fc·

316 1026 422 1099 brium
438 1034 660 1109 eremitarum,
685 1037 720 1100 &
745 1048 981 1125 quartanarum
1005 1029 1258 1100 inordinatarum
1283 1031 1463 1110 austeram,
1487 1055 1560 1125 qua
1584 1034 1733 1123 quumio

311 1131 423 1227 primis
446 1136 533 1199 verris
557 1134 737 1226 putruerit,
762 1130 888 1222 illicque
913 1129 1027 1220 ignava
1051 1148 1197 1207 maneat,
1223 1154 1288 1199 non
1314 1133 1432 1198 mirum
1464 1128 1488 1196 si
1520 1131 1735 1226 appetentiam

312 1230 452 1318 dejiciat:
481 1233 585 1298 Immo
611 1233 749 1296 maxima
774 1228 857 1318 chyli
880 1250 953 1324 pars
972 1250 1036 1297 non
1051 1223 1130 1298 bene
1147 1233 1311 1300 mirificata
1337 1235 1371 1298 δι
1397 1228 1554 1302 attrabit,
1579 1233 1612 1296 &
1633 1231 1663 1294 in
1687 1229 1735 1294 la-

313 1323 418 1396 eribus
432 1326 503 1424 ipsis
518 1348 658 1404 retenta,
685 1330 808 1424 pimirae
823 1327 996 1422 quamdam
1022 1322 1152 1426 speciem
1175 1327 1288 1411 restit,
1314 1333 1348 1398 δι
1375 1330 1454 1397 inter
1470 1319 1577 1397 causas
1595 1326 1736 1419 reliquas

311 1432 535 1524 appetendam
548 1446 606 1517 aut
629 1425 730 1504 tollit,
754 1446 811 1496 aut
836 1430 970 1495 minuit.
1001 1429 1099 1498 Unde
1122 1448 1180 1496 nos
1189 1429 1315 1499 asserere
1324 1423 1501 1525 possumus,
1526 1448 1626 1521 aegros
1639 1417 1736 1517 quos-

310 1525 383 1594 dam
408 1518 613 1603 observasse,
637 1529 694 1619 qui
720 1530 845 1623 copiam
871 1524 960 1595 illius
976 1524 1060 1619 chyli
1084 1533 1242 1627 corrupti,
1266 1550 1334 1596 non
1364 1522 1441 1597 benc
1456 1524 1605 1605 arctasti,
1625 1546 1680 1592 nec
1700 1526 1735 1589 in

310 1624 517 1693 commodum
535 1644 655 1695 naturae
671 1617 904 1701 καταλειφθέντος
927 1670 939 1702 s
964 1623 990 1704 (²
1013 1622 1054 1702 tol
1076 1623 1276 1713 icrpaerlrwc,
1302 1630 1389 1699 omni
1414 1627 1563 1722 opinione
1582 1628 1744 1711 majorem

309 1727 520 1801 excreverint3
544 1726 630 1792 unde
654 1729 687 1791 in
712 1725 843 1790 maciem
873 1725 1059 1802 inciderint,
1082 1724 1208 1794 tandem
1265 1730 1351 1796 rimae
1384 1720 1506 1793 sanitati
1537 1721 1655 1793 scierint
1687 1742 1737 1787 re-

309 1820 437 1889 stituti.
463 1820 563 1888 Testis
589 1815 721 1915 piscator
741 1813 917 1911 Lysovart,
941 1826 972 1885 &
991 1819 1047 1888 ista
1062 1822 1214 1891 maledica
1240 1751 1346 1901 fdrva,
1370 1845 1444 1915 quae
1468 1826 1501 1888 in
1525 1813 1646 1889 cedibus
1670 1820 1738 1885 Ste-

309 1920 413 2014 phani
437 1917 549 1988 Collot
572 1913 752 1988 habitabat.
780 1920 861 1987 Item
887 1922 921 1986 δι
947 1920 1108 1987 Dominus
1125 1919 1172 1988 du
1199 1919 1326 2000 Pleffis,
1351 1920 1510 1990 matruelis
1535 1920 1579 1989 D.
1598 1918 1738 2009 Byronio

313 2017 512 2086 Gallicarum
528 2008 780 2086 bombardarum
794 2012 965 2088 Praefflo.
1162 2026 1166 2033 '
1388 2009 1392 2016 ’

361 2118 508 2211 Medicus
531 2124 673 2197 narravit
689 2118 737 2209 de
761 2114 906 2210 quodam
934 2114 1037 2185 fluore
1054 2106 1243 2208 dysinterico
1259 2110 1436 2190 laboranti.
1463 2116 1535 2188 Post
1560 2116 1664 2187 multa
1688 2134 1740 2184 re·

314 2215 450 2292 media',
464 2217 592 2282 consilio
619 2217 852 2293 Medicorum,
884 2212 926 2284 ad
948 2210 1045 2283 usum
1069 2215 1158 2286 lassis
1190 2214 1307 2289 bubuli
1333 2214 1436 2289 reeens
1471 2216 1586 2285 mulffl
1602 2212 1736 2282 adablus

306 2310 371 2379 cst.
400 2314 620 2404 Coagulatum
636 2313 670 2380 in
693 2314 891 2384 ventriculo.
918 2308 1101 2381 Incredibile
1124 2316 1214 2386 dislu
1240 2340 1360 2412 quanta
1385 2318 1456 2384 inde
1489 2308 1736 2407 symptomata,

306 2408 497 2479 defedlion'cs
510 2412 638 2500 nummi,
664 2415 703 2480 δι·
722 2410 848 2481 similia.
877 2408 975 2480 Unde
997 2409 1045 2479 lac
1070 2416 1275 2506 coagulatum
1301 2420 1334 2483 in
1358 2411 1536 2485 ventriculo
1551 2407 1735 2477 autintesti·
1759 2458 1902 2537 cmm·

304 2513 377 2587 nis,
402 2508 496 2579 instar
512 2515 622 2580 veneni
642 2509 718 2585 eisc,
743 2505 960 2579 Dioscoridem
975 2508 1180 2582 asseveravilfe
1194 2515 1512 2601 credunta'samen,
1547 2530 1654 2602 quum
1679 2529 1735 2576 ne·
1756 2549 1796 2603 tio
1815 2547 1899 2603 lauis

307 2608 426 2678 celsitas
451 2610 492 2678 ad
516 2605 611 2701 usum
635 2609 722 2678 lastis
746 2611 922 2688 inclinaret,
946 2611 1068 2676 acutior
1093 2607 1443 2687 Medicusconsuluit,
1468 2608 1562 2678 utlac
1579 2626 1731 2702 coquere·
1753 2608 1895 2703 „pam

305 2727 383 2785 rur,
404 2702 664 2801 chalybearetur,
688 2708 909 2802 deinde'aqua
933 2710 1110 2795 injiceretur
1134 2712 1167 2778 in
1200 2711 1249 2780 lac
1284 2713 1364 2780 dum
1398 2727 1606 2802 coqueretur.
1642 2699 1733 2775 Usus
1754 2705 1877 2788 &aqua

315 2803 526 2902 ell,prosuit'
540 2806 651 2877 ualde.
677 2810 718 2874 Et
743 2807 824 2875 illud
838 2807 883 2876 est
896 2807 934 2876 de
948 2807 1075 2875 consilio
1089 2808 1193 2890 herii,
1217 2811 1316 2908 capite
1340 2810 1378 2879 dc
1404 2804 1666 2878 coctura-ratus.
1688 2809 1732 2875 Et
1754 2793 1895 2873 '‘”l'ffie‘

1753 2900 1786 2937 ne
1806 2882 1894 2956 impe·

307 2901 512 2976 admirabile·
534 2907 566 2973 id
599 2903 642 2973 est
666 2904 833 2998 quomodo
854 2903 903 2974 lac
927 2907 973 2974 ita
996 2925 1147 3001 paratum
1172 2906 1330 2980 conferat.
1753 2965 1834 3024 ditur
1853 2971 1892 3028 ‚-

363 3009 481 3098 Qum
506 3027 623 3103 corpus
647 2994 816 3073 turbatum
840 3002 903 3083 est,
928 3008 962 3073 δι
987 2998 1057 3071 bilis
1082 3009 1115 3073 in
1140 3002 1299 3099 sanguinis
1322 3003 1496 3077 societatem
1531 3002 1560 3075 se
1586 3006 1659 3082 dat,
1691 3017 1730 3073 ut

305 3104 454 3197 loquitur
479 3108 708 3203 Hippocrates,
732 3098 885 3189 despiceret
909 3146 921 3179 ,
954 3108 1171 3195 quamtumvis
1184 3102 1309 3199 sanguis
1320 3096 1525 3180 detrahatur,
1552 3108 1577 3171 is
1599 3100 1662 3170 fere
1685 3099 1731 3170 est

305 3205 468 3299 impurus:
493 3227 598 3297 quum
622 3202 677 3271 illa
702 3196 898 3300 perturbatio
922 3206 1086 3293 quievit-,¹
1103 3205 1276 3299 puritatem
1303 3207 1439 3301 primam
1462 3203 1618 3293 acquirit,
1648 3219 1731 3296 prae-

304 3295 411 3372 sertim
436 3305 460 3371 st
483 3298 578 3371 sudor
603 3303 726 3370 multus
750 3302 911 3368 eliciatur.
945 3302 994 3367 Sic
1014 3301 1150 3393 quaestio
1175 3308 1297 3376 moveri
1330 3300 1431 3402 potest
1463 3323 1529 3367 non
1561 3299 1651 3397 parvi
1683 3294 1731 3366 fa·

302 3401 436 3476 cienda,
461 3422 503 3467 an
527 3406 561 3467 in
586 3404 675 3466 omni
702 3393 786 3464 febre
815 3388 1003 3489 (pracsertim
1039 3401 1182 3467 sevena·
1215 3398 1309 3469 festio
1343 3397 1549 3493 postulatur,
1579 3397 1732 3489 quaedam

304 3502 394 3566 enim
419 3492 518 3563 febres
540 3493 734 3569 dissuadent)
760 3515 839 3560 num
865 3492 1084 3585 premittenda
1108 3489 1329 3589 phlebotomia
1353 3495 1554 3591 purgationi.
1582 3496 1661 3561 llaec
1677 3510 1732 3559 ra·

302 3600 357 3665 tio
376 3590 532 3689 quosdam
556 3595 597 3663 ad
621 3593 654 3661 id
678 3592 828 3667 adducit,
853 3611 909 3663 nec
932 3594 1065 3657 omnino
1089 3585 1227 3663 frivola.
1495 3605 1498 3610 '

357 3696 468 3764 Audio
493 3696 726 3793 Hippocratem
751 3685 891 3786 scripfiss'e
922 3688 1045 3756 malum
1076 3689 1134 3759 else
1160 3696 1193 3760 in
1219 3684 1415 3791 pulmohum
1435 3679 1587 3768 morbis,
1620 3707 1732 3784 quum

306 3817 345 3865 ex
370 3791 465 3891 sputo
480 3787 555 3862 salso
578 3792 671 3861 dulce
697 3795 750 3860 fit.
776 3788 879 3884 ‘Qod
904 3808 1015 3857 contra
1042 3809 1193 3860 staturam
1218 3797 1253 3864 &
1287 3793 1442 3861 rationem
1467 3792 1534 3859 ficri
1566 3790 1729 3861 videtur.

304 3896 399 3965 Nam
422 3891 559 3960 declarat
584 3894 616 3959 id
639 3892 726 3984 quod
750 3883 881 3956 mitescit
904 3888 1039 3954 humor.
1068 3889 1252 3960 Dulcediuis
1275 3895 1402 3959 nomine
1436 3877 1586 3957 subaudit
1618 3887 1732 3956 condi·
1807 3895 1810 3899 ’
1883 3899 1886 3904 ’

301 3997 427 4062 tionem
444 3994 548 4088 puris.
576 3994 617 4059 Et
638 3990 771 4057 omnino
786 3989 905 4057 malum
918 3984 963 4054 est
988 4007 1047 4083 pus
1070 3982 1229 4059 succedere
1251 3986 1499 4087 cxpedorationi
1522 3979 1590 4055 salsi
1612 3982 1732 4055 humo·

304 4096 365 4161 tis.
396 4090 478 4157 Vide
495 4113 536 4158 an
560 4089 620 4157 hoc
636 4089 674 4158 ht
699 4108 830 4159 verum.
1257 4117 1258 4121 ¹
1787 4141 1794 4160 ,

323 4275 326 4280 ⁴
357 4192 449 4259 Litus
466 4188 507 4258 ad
531 4190 691 4259 thoracem
711 4209 753 4257 an
768 4181 959 4284 pulmonicis
981 4174 1128 4256 confert?
1155 4184 1290 4258 Videtur
1307 4179 1400 4281 quod
1424 4209 1519 4254 non.
1550 4179 1622 4254 Nec
1640 4181 1734 4254 'enim-
1753 4137 1895 4288 ἕλιξ

306 4292 435 4383 attingit
448 4313 564 4387 corpus
587 4287 763 4386 pulmonis.
790 4287 964 4357 Primarius
987 4287 1132 4355 Medicus
1146 4289 1225 4358 duas
1243 4281 1288 4355 ob
1310 4280 1418 4356 causas
1442 4287 1514 4354 linit
1537 4283 1725 4363 thoracem,
1753 4321 1810 4368 m,
1828 4305 1895 4385 par,

307 4409 380 4458 tum
399 4408 437 4458 ut
468 4388 509 4469 's
532 4382 681 4472 hemico
713 4389 826 4455 thorax
860 4402 1057 4456 evacuetur.
1089 4378 1257 4474 Διιιφὸρισκ
1277 4403 1385 4456 autem
1411 4387 1442 4453 in
1468 4376 1615 4482 pellendis
1640 4406 1731 4453 mor·
1752 4393 1874 4449 monitis

306 4482 355 4555 bis
389 4492 503 4583 primas
528 4506 638 4555 tenet.
672 4487 703 4555 Si
726 4490 809 4552 enim
833 4503 988 4575 agrotans
1011 4485 1114 4552 calido
1137 4485 1209 4562 est,
1232 4490 1296 4554 acri
1322 4488 1359 4554 &
1393 4484 1535 4552 mordaci
1558 4476 1731 4576 sanguine,
1755 4468 1849 4547 confe-

306 4587 384 4654 litus
408 4584 460 4653 iste
476 4582 520 4654 eh
542 4580 664 4654 bonus.
692 4587 722 4654 si
748 4579 957 4658 eradicarest,
981 4581 1067 4649 valet
1081 4583 1123 4650 ad
1147 4581 1376 4653 mitificandum
1399 4630 1410 4660 ‚
1435 4586 1470 4650 δι
1493 4580 1602 4673 aliqua
1627 4584 1727 4649 ratio·
1754 4570 1843 4622 ''¹⁸'’
1888 4585 1891 4591 '

306 4705 352 4753 ne
370 4684 589 4776 coquendum:
613 4706 686 4753 turn
702 4703 742 4751 ιιι
756 4684 900 4779 pituita,
923 4699 999 4771 quae
1021 4700 1085 4777 pra
1109 4682 1211 4749 calore
1234 4688 1269 4750 lic
1294 4686 1426 4751 siccitate
1450 4674 1640 4751 membratis
1671 4679 1730 4750 ad·

307 4775 470 4860 haerescit,
491 4782 709 4854 difficultatem
728 4778 879 4882 spirandi,
903 4777 1096 4847 &dolorem
1113 4777 1261 4858 inferens,
1285 4778 1408 4852 facilius
1431 4779 1577 4849 eluatur.

362 4881 506 4949 Narrant
523 4877 673 4952 morbum
688 4884 863 4978 quemdam
878 4877 935 4948 esfe
949 4885 1041 4971 equis
1064 4886 1257 4978 proprium,
1281 4883 1339 4973 qui
1358 4898 1493 4954 vocatur
1517 4881 1574 4967 riq.
1590 4880 1640 4943 Fir
1652 4894 1729 4943 eum

308 4981 344 5049 id
368 4981 462 5078 quod
482 4982 725 5053 devoratumell
748 4989 783 5053 δι
807 4980 1023 5073 deglutitum,
1049 4985 1103 5052 vix
1129 5003 1164 5049 os
1189 4979 1356 5052 ventriculi
1381 4967 1558 5075 praetcrlabi
1589 4969 1702 5129 pomtps}
1716 5013 1729 5033 .
