4534 5850
507 474 1249 561 rrsnnrnrumun,
1298 482 1504 554 L·113.11.
1611 507 1680 572 14,

308 627 432 707 ludocis
448 637 673 727 provocatione
695 651 714 697 a
736 642 851 695 natura
874 621 973 695 faeta.
999 625 1042 692 Et
1056 647 1163 695 revera
1180 629 1317 717 grantcr
1342 620 1383 695 ab
1407 630 1444 694 iis
1469 636 1634 724 peccatur,
1666 629 1737 720 qui·

311 725 612 830 uilexspedtantts,
637 733 670 797 δι
684 745 834 795 naturam
858 721 1041 818 fatigantes,
1065 747 1165 816 agros
1188 726 1294 793 multo
1316 725 1460 794 detrudo
1484 722 1633 817 sanguine
1663 730 1729 794 exi-

310 830 469 899 naniurit.
495 829 532 894 ld
556 827 662 895 docuit
685 826 739 894 illa
763 825 876 895 mulier
893 828 926 892 in
943 824 1043 891 domo
1068 823 1172 893 vidua
1189 825 1287 893 Colot
1311 820 1463 906 tonsoris,
1496 831 1549 895 cui
1577 819 1729 893 alii-san-

308 937 444 1020 guinem
458 924 668 1003 detraxissent,
693 947 750 993 nos
774 925 837 993 alia
861 941 929 991 arte
954 924 981 988 ei
1006 917 1114 991 sumus
1137 923 1305 1017 opitulati.

365 1027 466 1095 Uxori
483 1028 528 1095 D.
554 1026 693 1094 soronii
706 1017 910 1093 memorabile
933 1021 966 1087 id
991 1022 1081 1115 quod
1104 1025 1257 1114 contigit.
1283 1024 1428 1119 Repente
1453 1023 1614 1118 phlyzacia
1628 1015 1728 1091 obor-

311 1143 364 1197 ta.
391 1123 563 1193 Delirium.
589 1123 688 1193 Oculi
712 1124 874 1207 ardentes.
909 1121 1026 1189 Matris
1058 1114 1186 1189 obitum
1211 1143 1291 1214 aegre
1311 1122 1447 1190 tulerat.
1481 1123 1626 1191 Proxima
1658 1140 1726 1191 erae

307 1224 461 1293 mensium
480 1226 629 1319 eruptio.
656 1221 778 1308 lnjesto
797 1239 936 1293 enemate
952 1227 1061 1289 omnia
1076 1215 1148 1288 sunt
1163 1214 1286 1290 sedata.
1729 1280 1735 1292 .

358 1316 533 1393 Damisdlae
557 1323 640 1390 illius
664 1321 768 1391 viduae
777 1320 860 1389 filius
892 1312 1079 1389 intolerabili
1104 1322 1214 1416 capitis
1238 1319 1347 1389 dolore
1371 1338 1500 1395 vexatus
1515 1318 1574 1390 est.
1609 1319 1646 1386 ld
1682 1315 1727 1386 se-
1752 1338 1887 1397 calvitie

306 1424 353 1489 cit
371 1424 460 1518 parvi
481 1438 601 1489 mater.
626 1422 671 1486 Vi
694 1420 809 1488 doloris
833 1425 868 1488 δι
892 1419 1036 1487 humoris
1060 1419 1212 1487 maleficio
1238 1421 1401 1489 calvitium
1425 1423 1576 1513 contigit.
1752 1421 1891 1481 abimele-

357 1515 476 1589 Nobili
495 1524 566 1590 viro
590 1523 706 1588 mitum
722 1520 804 1612 quid
827 1522 981 1610 contigit:
1007 1520 1121 1587 Doluit
1133 1519 1242 1589 'latus
1268 1521 1450 1612 Chirurgus
1469 1524 1639 1618 imperitus
1672 1536 1726 1587 tu·
1751 1502 1891 1607 rpiiiica·

307 1618 392 1687 tudit
416 1620 512 1688 aliam
536 1641 650 1688 venam
675 1612 716 1686 ab
741 1641 777 1687 ea
801 1640 872 1710 quae
891 1617 977 1685 dicia
1003 1613 1082 1693 suit.
1110 1621 1453 1715 Aperuit'cephalicam
1481 1671 1489 1686 .
1517 1620 1594 1687 inde
1626 1612 1726 1686 imbe-
1749 1591 1818 1730 ξω*
1839 1587 1890 1644 ³⁹

306 1717 419 1787 cillitas
444 1712 568 1785 summa
592 1713 694 1785 sezcuta
717 1714 779 1783 est.
809 1715 914 1783 Dolor
938 1715 1052 1784 audeus
1076 1715 1137 1784 est.
1172 1721 1223 1785 De
1246 1715 1352 1786 sunere
1384 1711 1608 1809 cogitabatur.
1645 1719 1726 1785 Non
1762 1693 1826 1733 Μ’

302 1820 420 1884 terruit
441 1837 498 1883 nos
513 1815 567 1882 ista
583 1817 766 1882 infirmitas.
796 1814 907 1880 Multa
931 1817 1058 1903 egimus
1080 1815 1308 1909 periclitando.
1335 1814 1424 1882 Secta
1447 1814 1507 1881 aliu
1534 1835 1613 1883 verra
1635 1808 1724 1880 semel

300 1934 406 2004 atque
423 1915 556 1979 iterum.
585 1913 690 1979 Dolor
708 1914 852 2004 quievit.
880 1911 1005 1979 Deinde
1018 1912 1177 1979 recruduit
1202 1961 1210 1977 .
1246 1911 1350 1981 Credo
1375 1911 1464 2004 quod
1479 1912 1613 1979 deterior
1629 1905 1725 1979 fiebat

298 2009 498 2097 detradlione
519 2004 641 2101 saraguis
664 2011 752 2102 quod
776 2034 842 2077 non
867 2029 935 2078 tam
960 2013 1117 2086 invenis,
1142 2033 1242 2104 quam
1267 2029 1353 2081 extra
1378 2032 1471 2083 venas
1494 2014 1722 2088 contineretur,

301 2109 419 2177 Pia-rer
442 2103 526 2203 spem
551 2109 730 2179 convaluit.
758 2109 867 2177 Multa
892 2102 961 2177 sane
985 2111 1130 2178 audenda
1154 2104 1246 2177 sunt.

353 2205 468 2275 Multis
492 2213 526 2275 in
550 2207 646 2275 latere
666 2208 758 2275 dolor
773 2206 834 2275 est.
862 2208 1020 2277 Particula
1045 2233 1117 2302 quae
1133 2209 1246 2286 dolet,
1282 2235 1348 2278 non
1374 2211 1502 2281 videtur
1526 2210 1582 2278 else
1608 2211 1687 2276 tanti
1711 2253 1725 2284 ,

301 2323 341 2373 ut
359 2322 523 2401 propterea
539 2311 687 2373 mittatur
713 2299 839 2395 sanguis
860 2323 930 2372 tam
946 2306 1115 2384 audacter,
1140 2313 1174 2375 ἃ
1200 2310 1296 2377 horus
1315 2302 1434 2377 solliciti
1452 2309 1531 2376 adeo
1551 2307 1591 2374 de
1615 2306 1725 2373 dolore

301 2425 436 2499 parvam
449 2396 768 2497 circumscriptionem
787 2397 947 2472 lubente.
976 2406 1112 2473 Annon
1136 2402 1216 2472 sorte
1239 2407 1324 2472 idem
1356 2406 1511 2492 judicium
1533 2398 1642 2471 haberi
1668 2428 1727 2498 po-

300 2499 360 2570 test
375 2502 413 2570 de
428 2502 586 2599 particula
602 2502 655 2569 illa
680 2502 818 2571 thoracis
841 2497 1025 2579 laborante,
1050 2504 1139 2595 quod
1159 2508 1193 2572 δι
1210 2507 1423 2600 Hippocrates
1445 2498 1560 2572 habuit
1590 2502 1629 2569 de
1650 2523 1689 2569 eo
1712 2549 1724 2583 ,

299 2603 354 2669 cui
371 2622 443 2695 pars
466 2597 608 2676 femoris,
634 2605 669 2668 &
688 2601 774 2696 pedis
798 2600 903 2697 pollex
919 2595 1066 2669 dolebas
1091 2603 1128 2668 Id
1142 2605 1232 2698 parvi
1257 2606 1412 2670 momenti
1445 2596 1637 2672 videbatur:
1662 2601 1727 2668 Ta-

299 2690 375 2767 men
390 2699 459 2768 inde
473 2723 558 2768 mors
572 2697 615 2766 est
629 2693 783 2768 insecuta.
807 2703 846 2767 Et
862 2701 972 2769 Galen.
986 2724 1101 2767 comm.
1122 2703 1155 2767 in
1185 2698 1255 2767 hist
1277 2702 1316 2769 de
1340 2724 1408 2778 eo,
1434 2703 1486 2770 cui
1503 2700 1607 2798 pollex
1636 2701 1724 2796 pedis

298 2792 448 2888 dolebam
472 2805 609 2866 miratur
629 2820 686 2864 cur
700 2803 909 2894 Hippocrates
924 2794 1061 2868 omiserit
1107 2792 1349 2871 hlebotomiam.
1383 2799 1508 2893 Magna
1527 2800 1559 2868 id
1583 2817 1725 2868 contem-

299 2897 440 2993 platione
456 2918 536 2994 opus
553 2888 667 2964 habet.
695 2897 786 2965 Nam
810 2920 914 2988 quum
936 2917 1050 2968 natura
1074 2825 1137 2969 slas
1162 2892 1282 2969 viribus
1305 2895 1361 2969 usa
1386 2918 1518 2970 corutur
1543 2917 1601 2970 aut
1625 2919 1726 2970 mate·
1840 2899 1845 2908 '

298 2999 403 3073 riam,
427 3015 484 3065 aut
500 2998 588 3066 virus
597 2996 763 3089 quoddam
781 3018 801 3063 a
826 2989 899 3064 sese
917 2996 1086 3093 depellere,
1111 2998 1187 3065 alias
1198 3001 1230 3065 in
1245 2997 1623 3094 emundtoriispartium,
1648 3000 1726 3068 alias

296 3100 333 3163 in
349 3118 460 3171 crure,
485 3113 541 3164 aut
560 3098 592 3162 in
609 3097 710 3190 capite
734 3095 864 3187 aliquod
885 3095 1011 3189 signum
1036 3096 1101 3164 edit
1119 3096 1309 3192 depulhonis
1334 3095 1420 3163 illius
1445 3101 1599 3165 materia.
1628 3098 1727 3165 Unde

301 3213 362 3261 aut
376 3193 548 3288 epinyctis,
572 3213 630 3262 aut
644 3194 855 3290 phlegmone,
879 3215 935 3264 aut
952 3194 1112 3290 phlogofis
1137 3215 1295 3292 apparet,
1321 3212 1489 3287 tamquam
1511 3186 1615 3260 morbi
1645 3216 1725 3291 pra-

298 3299 430 3371 nuntia,
455 3294 511 3363 nist
530 3311 568 3364 tu
586 3288 651 3388 ipse
666 3294 742 3361 alias
766 3292 957 3389 provideris.
983 3297 1025 3362 Et
1042 3294 1135 3386 quod
1155 3297 1187 3360 in
1204 3293 1267 3361 istis
1291 3288 1435 3390 partibus
1460 3288 1556 3369 satit,
1581 3292 1665 3360 idem
1691 3297 1726 3361 in

297 3391 428 3460 thorace
443 3395 509 3461 feri
535 3387 654 3485 potest.
681 3395 768 3459 Hinc
783 3388 897 3457 frustra
911 3391 951 3458 ad
965 3390 1181 3458 defluxionem
1209 3394 1241 3457 id
1259 3393 1334 3458 mali
1359 3389 1511 3460 refertur.
1539 3392 1598 3458 Sed
1624 3394 1660 3460 iit
1708 3415 1733 3457 r=

293 3491 673 3583 translatioocmaparte
698 3489 731 3552 in
750 3502 898 3581 partem,
931 3484 1020 3554 uelut
1045 3480 1191 3576 orgasmo
1241 3487 1361 3554 nodam
1381 3536 1390 3552 .
1426 3491 1466 3555 Et
1485 3486 1636 3554 audacter
1668 3510 1736 3560 an-,

294 3592 372 3683 guis
396 3588 559 3662 mittitur,
584 3603 642 3653 aut
654 3592 808 3680 purgatio
824 3581 1019 3660 instituitur,
1043 3606 1150 3677 quum
1168 3587 1201 3653 in
1216 3510 1414 3653 bubonibus
1437 3603 1497 3654 aut
1521 3590 1555 3650 in
1572 3583 1634 3653 alia
1651 3608 1727 3683 par-

295 3709 330 3757 te
356 3704 489 3784 apparet
504 3684 630 3777 iignum
645 3683 777 3778 aliquod
796 3683 1009 3751 translationis
1033 3684 1192 3762 materiei,
1217 3708 1282 3751 non
1309 3703 1377 3753 tam
1402 3680 1484 3752 forte
1510 3687 1724 3776 quantitate,

297 3808 399 3878 quam
427 3784 577 3880 qualitate
597 3786 768 3882 peccantis3
793 3779 924 3878 sspollis
941 3784 1089 3871 conjicere
1109 3782 1232 3876 aliquid
1245 3783 1342 3851 simile
1368 3777 1494 3853 causam
1517 3782 1575 3851 esse
1601 3784 1724 3854 doloris
1810 3838 1816 3842 .

295 3887 422 3958 lateris,
446 3884 598 3979 intrepide
615 3906 651 3951 ea
670 3875 829 3980 prestabis
843 3904 917 3975 quat
939 3881 1077 3951 diximus
1096 3929 1104 3945 .
1132 3884 1181 3950 Ac
1204 3883 1350 3951 nonnulli
1376 3883 1493 3951 Medici
1518 3882 1582 3950 hoc
1607 3906 1722 3978 patum

299 3982 602 4059 animadvertentes,
627 3981 666 4050 de
690 3978 749 4049 islo
769 3980 878 4054 dolore
901 4002 1019 4076 parum
1050 3975 1124 4048 sunt
1150 3975 1304 4056 solliciti,
1336 3984 1465 4048 minime
1497 3984 1557 4046 rati
1584 3985 1728 4076 particu-

298 4086 365 4152 lam
390 4080 447 4151 eile
472 4082 608 4151 materiei
630 4073 778 4159 desesiae,
805 4085 839 4148 &
863 4074 1005 4148 decisaea
1029 4084 1147 4167 majore
1170 4082 1308 4148 materiei
1325 4078 1424 4147 mole:
1450 4102 1487 4147 ac
1505 4082 1629 4147 interim
1654 4083 1727 4148 ino-

296 4188 372 4280 pina
391 4201 495 4251 morte
508 4181 602 4251 multi
620 4182 794 4277 prouenti,
818 4180 938 4249 occasto
960 4174 1111 4256 suerunt,
1136 4185 1244 4249 curin
1270 4174 1430 4248 infamiam
1460 4181 1494 4248 δι
1518 4177 1650 4248 dedecus
1674 4184 1736 4249 in-·
1830 4233 1833 4238 ,

301 4285 473 4351 currerint.

347 4382 463 4479 Neptis
482 4384 524 4451 D.
553 4379 692 4448 Valeton
711 4378 840 4453 historia
861 4373 904 4451 est
921 4374 1232 4451 commemorabilis.
1260 4380 1381 4478 Splenis
1404 4405 1460 4449 cor
1484 4406 1521 4451 us
1555 4373 1722 4450 incumbe·

299 4502 332 4550 re
354 4481 456 4552 νείκεε
479 4473 710 4579 deprehensum
735 4476 798 4554 est,
825 4485 858 4547 dc
884 4475 956 4547 sartis
970 4486 1199 4549 contumaciter
1223 4474 1423 4549 adhaerebat.
1450 4408 1543 4549 (llam
1568 4476 1722 4547 soedisco-

294 4572 423 4650 loribus
447 4574 662 4657 laboraverat,
688 4599 826 4644 necnon
850 4595 1010 4645 tumorem
1034 4575 1117 4670 palla
1132 4574 1256 4654 suerat,
1280 4601 1376 4669 quem
1403 4579 1532 4646 anicula
1558 4595 1671 4648 vocant
1692 4576 1723 4639 le

294 4686 467 4746 Carrcaa.
484 4680 582 4748 Valde
595 4678 786 4766 cacochyma
801 4693 884 4751 crat,
907 4670 1059 4742 carbones
1074 4672 1118 4741 illi
1134 4676 1167 4740 in
1183 4674 1454 4745 deliciissuerunt.
1474 4672 1738 4749 Konsidiana.-
1797 4713 1800 4718 ·

298 4778 430 4847 Furtim
448 4776 612 4872 compressa
625 4775 683 4845 cst.
711 4778 887 4844 Tumorem
908 4791 1036 4840 tantum
1060 4776 1177 4841 ventris
1201 4772 1257 4840 esse
1276 4769 1462 4844 credebant.
1489 4775 1577 4843 Secia
1593 4779 1624 4841 in
1640 4773 1720 4838 mal·
1742 4809 1875 4888 mom-

292 4875 385 4946 leolo
401 4896 499 4947 vena.
527 4875 611 4946 Data
627 4876 868 4944 medicamenta.
898 4875 1038 4943 Uterum
1053 4873 1092 4939 ad
1119 4872 1299 4967 legitimum
1326 4874 1464 4971 pariendi
1482 4893 1607 4967 tempus
1622 4864 1720 4960 gesm-
1864 4853 1876 4875 ⁰

300 4978 365 5048 rit.
396 4977 497 5067 AEget
511 4969 572 5042 suit
596 4994 720 5071 partus.
750 4970 820 5071 Ipso
837 4972 977 5044 enitendi
1002 4990 1146 5070 tempore
1169 4972 1305 5042 extirrsia
1324 4971 1386 5040 cst.
1412 4973 1535 5067 Aperte
1552 4968 1720 5036 cadavere>

399 5075 540 5145 Balleia
564 5076 661 5165 Oper.
688 5074 851 5141 Tomasl.
1268 5071 1299 5133 K
1343 5104 1347 5110 ·
1354 5091 1368 5153 3
1567 5079 1670 5153 rePel·
